%YAML 1.1
%TAG !u! tag:unity3d.com,2011:
--- !u!1 &2021102118701419318
GameObject:
  m_ObjectHideFlags: 0
  m_CorrespondingSourceObject: {fileID: 0}
  m_PrefabInstance: {fileID: 0}
  m_PrefabAsset: {fileID: 0}
  serializedVersion: 6
  m_Component:
  - component: {fileID: 1797438242632294898}
  - component: {fileID: 761921826447043778}
  - component: {fileID: 6151118346374648227}
  m_Layer: 11
  m_Name: CameraController
  m_TagString: Untagged
  m_Icon: {fileID: 0}
  m_NavMeshLayer: 0
  m_StaticEditorFlags: 0
  m_IsActive: 0
--- !u!4 &1797438242632294898
Transform:
  m_ObjectHideFlags: 0
  m_CorrespondingSourceObject: {fileID: 0}
  m_PrefabInstance: {fileID: 0}
  m_PrefabAsset: {fileID: 0}
  m_GameObject: {fileID: 2021102118701419318}
  m_LocalRotation: {x: 0, y: 0, z: 0, w: 1}
  m_LocalPosition: {x: 0, y: 0, z: 0}
  m_LocalScale: {x: 1, y: 1, z: 1}
  m_Children:
  - {fileID: 6060399057966780028}
  m_Father: {fileID: 5384447748692158310}
  m_RootOrder: 1
  m_LocalEulerAnglesHint: {x: 0, y: 0, z: 0}
--- !u!114 &761921826447043778
MonoBehaviour:
  m_ObjectHideFlags: 0
  m_CorrespondingSourceObject: {fileID: 0}
  m_PrefabInstance: {fileID: 0}
  m_PrefabAsset: {fileID: 0}
  m_GameObject: {fileID: 2021102118701419318}
  m_Enabled: 1
  m_EditorHideFlags: 0
  m_Script: {fileID: 11500000, guid: a76a7106bc0030e4eb49f04904dcff44, type: 3}
  m_Name: 
  m_EditorClassIdentifier: 
  horizontalTarget: {fileID: 1797438242632294898}
  verticalTarget: {fileID: 1797438242632294898}
  rotationSpeed: 10
  verticalRoationAngle: 20
--- !u!114 &6151118346374648227
MonoBehaviour:
  m_ObjectHideFlags: 0
  m_CorrespondingSourceObject: {fileID: 0}
  m_PrefabInstance: {fileID: 0}
  m_PrefabAsset: {fileID: 0}
  m_GameObject: {fileID: 2021102118701419318}
  m_Enabled: 1
  m_EditorHideFlags: 0
  m_Script: {fileID: 11500000, guid: 3ef092c340da21340a58d37a8a352988, type: 3}
  m_Name: 
  m_EditorClassIdentifier: 
  target: {fileID: 1797438242632294898}
  camera: {fileID: 5036017936306325597}
--- !u!1 &3172615999969446690
GameObject:
  m_ObjectHideFlags: 0
  m_CorrespondingSourceObject: {fileID: 0}
  m_PrefabInstance: {fileID: 0}
  m_PrefabAsset: {fileID: 0}
  serializedVersion: 6
  m_Component:
  - component: {fileID: 3866023742400184515}
  m_Layer: 11
  m_Name: GameObject
  m_TagString: Untagged
  m_Icon: {fileID: 0}
  m_NavMeshLayer: 0
  m_StaticEditorFlags: 0
  m_IsActive: 1
--- !u!4 &3866023742400184515
Transform:
  m_ObjectHideFlags: 0
  m_CorrespondingSourceObject: {fileID: 0}
  m_PrefabInstance: {fileID: 0}
  m_PrefabAsset: {fileID: 0}
  m_GameObject: {fileID: 3172615999969446690}
  m_LocalRotation: {x: 0, y: 0, z: 0, w: 1}
  m_LocalPosition: {x: 64.24471, y: -0.3492151, z: -44.74364}
  m_LocalScale: {x: 1, y: 1, z: 1}
  m_Children:
  - {fileID: 8452681475771319120}
  m_Father: {fileID: 5384447748692158310}
  m_RootOrder: 0
  m_LocalEulerAnglesHint: {x: 0, y: 0, z: 0}
--- !u!1 &5409889838653437850
GameObject:
  m_ObjectHideFlags: 0
  m_CorrespondingSourceObject: {fileID: 0}
  m_PrefabInstance: {fileID: 0}
  m_PrefabAsset: {fileID: 0}
  serializedVersion: 6
  m_Component:
  - component: {fileID: 5384447748692158310}
  - component: {fileID: 8727885276332425731}
  - component: {fileID: 2068324998396504052}
  - component: {fileID: 4151895150589972636}
  m_Layer: 11
  m_Name: Phone
  m_TagString: Untagged
  m_Icon: {fileID: 0}
  m_NavMeshLayer: 0
  m_StaticEditorFlags: 0
  m_IsActive: 1
--- !u!4 &5384447748692158310
Transform:
  m_ObjectHideFlags: 0
  m_CorrespondingSourceObject: {fileID: 0}
  m_PrefabInstance: {fileID: 0}
  m_PrefabAsset: {fileID: 0}
  m_GameObject: {fileID: 5409889838653437850}
  m_LocalRotation: {x: 0, y: 0, z: 0, w: 1}
  m_LocalPosition: {x: 0, y: 0, z: 0}
  m_LocalScale: {x: 1, y: 1, z: 1}
  m_Children:
  - {fileID: 3866023742400184515}
  - {fileID: 1797438242632294898}
  m_Father: {fileID: 0}
  m_RootOrder: 0
  m_LocalEulerAnglesHint: {x: 0, y: 0, z: 0}
--- !u!65 &8727885276332425731
BoxCollider:
  m_ObjectHideFlags: 0
  m_CorrespondingSourceObject: {fileID: 0}
  m_PrefabInstance: {fileID: 0}
  m_PrefabAsset: {fileID: 0}
  m_GameObject: {fileID: 5409889838653437850}
  m_Material: {fileID: 0}
  m_IsTrigger: 0
  m_Enabled: 1
  serializedVersion: 2
  m_Size: {x: 0.4066009, y: 0.3353786, z: 0.2452447}
  m_Center: {x: 0.000000076252036, y: 0.15, z: 0.0012262238}
--- !u!114 &2068324998396504052
MonoBehaviour:
  m_ObjectHideFlags: 0
  m_CorrespondingSourceObject: {fileID: 0}
  m_PrefabInstance: {fileID: 0}
  m_PrefabAsset: {fileID: 0}
  m_GameObject: {fileID: 5409889838653437850}
  m_Enabled: 0
  m_EditorHideFlags: 0
  m_Script: {fileID: 11500000, guid: 68faebbc95b86af4fab2bedf5b9627ed, type: 3}
  m_Name: 
  m_EditorClassIdentifier: 
  radius: 5
  animator: {fileID: 1342188952157216260}
--- !u!114 &4151895150589972636
MonoBehaviour:
  m_ObjectHideFlags: 0
  m_CorrespondingSourceObject: {fileID: 0}
  m_PrefabInstance: {fileID: 0}
  m_PrefabAsset: {fileID: 0}
  m_GameObject: {fileID: 5409889838653437850}
  m_Enabled: 1
  m_EditorHideFlags: 0
  m_Script: {fileID: 11500000, guid: ec3a263149bd8864eb1117a227fcb7d4, type: 3}
  m_Name: 
  m_EditorClassIdentifier: 
  camera: {fileID: 5036017936306325597}
  onPossessed:
    m_PersistentCalls:
      m_Calls:
      - m_Target: {fileID: 2021102118701419318}
        m_TargetAssemblyTypeName: 
        m_MethodName: SetActive
        m_Mode: 6
        m_Arguments:
          m_ObjectArgument: {fileID: 0}
          m_ObjectArgumentAssemblyTypeName: UnityEngine.Object, UnityEngine
          m_IntArgument: 0
          m_FloatArgument: 0
          m_StringArgument: 
          m_BoolArgument: 1
        m_CallState: 2
      - m_Target: {fileID: 2068324998396504052}
        m_TargetAssemblyTypeName: 
        m_MethodName: set_enabled
        m_Mode: 6
        m_Arguments:
          m_ObjectArgument: {fileID: 0}
          m_ObjectArgumentAssemblyTypeName: UnityEngine.Object, UnityEngine
          m_IntArgument: 0
          m_FloatArgument: 0
          m_StringArgument: 
          m_BoolArgument: 1
        m_CallState: 2
  onLeft:
    m_PersistentCalls:
      m_Calls:
      - m_Target: {fileID: 2021102118701419318}
        m_TargetAssemblyTypeName: 
        m_MethodName: SetActive
        m_Mode: 6
        m_Arguments:
          m_ObjectArgument: {fileID: 0}
          m_ObjectArgumentAssemblyTypeName: UnityEngine.Object, UnityEngine
          m_IntArgument: 0
          m_FloatArgument: 0
          m_StringArgument: 
          m_BoolArgument: 0
        m_CallState: 2
      - m_Target: {fileID: 2068324998396504052}
        m_TargetAssemblyTypeName: 
        m_MethodName: set_enabled
        m_Mode: 6
        m_Arguments:
          m_ObjectArgument: {fileID: 0}
          m_ObjectArgumentAssemblyTypeName: UnityEngine.Object, UnityEngine
          m_IntArgument: 0
          m_FloatArgument: 0
          m_StringArgument: 
          m_BoolArgument: 0
        m_CallState: 2
  possessionRange: 5
  targetLayers:
    serializedVersion: 2
    m_Bits: 2304
  highlighter: {fileID: 0}
--- !u!1 &6529391065331904825
GameObject:
  m_ObjectHideFlags: 0
  m_CorrespondingSourceObject: {fileID: 0}
  m_PrefabInstance: {fileID: 0}
  m_PrefabAsset: {fileID: 0}
  serializedVersion: 6
  m_Component:
  - component: {fileID: 6060399057966780028}
  - component: {fileID: 5036017936306325597}
  - component: {fileID: 1366370784121726449}
  - component: {fileID: 8830275458623280530}
  m_Layer: 11
  m_Name: Camera
  m_TagString: Untagged
  m_Icon: {fileID: 0}
  m_NavMeshLayer: 0
  m_StaticEditorFlags: 0
  m_IsActive: 1
--- !u!4 &6060399057966780028
Transform:
  m_ObjectHideFlags: 0
  m_CorrespondingSourceObject: {fileID: 0}
  m_PrefabInstance: {fileID: 0}
  m_PrefabAsset: {fileID: 0}
  m_GameObject: {fileID: 6529391065331904825}
  m_LocalRotation: {x: 0, y: 0, z: 0, w: 1}
  m_LocalPosition: {x: 0, y: 1.02, z: -2.76}
  m_LocalScale: {x: 1, y: 1, z: 1}
  m_Children: []
  m_Father: {fileID: 1797438242632294898}
  m_RootOrder: 0
  m_LocalEulerAnglesHint: {x: 0, y: 0, z: 0}
--- !u!20 &5036017936306325597
Camera:
  m_ObjectHideFlags: 0
  m_CorrespondingSourceObject: {fileID: 0}
  m_PrefabInstance: {fileID: 0}
  m_PrefabAsset: {fileID: 0}
  m_GameObject: {fileID: 6529391065331904825}
  m_Enabled: 1
  serializedVersion: 2
  m_ClearFlags: 1
  m_BackGroundColor: {r: 0.19215687, g: 0.3019608, b: 0.4745098, a: 0}
  m_projectionMatrixMode: 1
  m_GateFitMode: 2
  m_FOVAxisMode: 0
  m_SensorSize: {x: 36, y: 24}
  m_LensShift: {x: 0, y: 0}
  m_FocalLength: 50
  m_NormalizedViewPortRect:
    serializedVersion: 2
    x: 0
    y: 0
    width: 1
    height: 1
  near clip plane: 0.3
  far clip plane: 1000
  field of view: 60
  orthographic: 0
  orthographic size: 5
  m_Depth: 0
  m_CullingMask:
    serializedVersion: 2
    m_Bits: 4294967295
  m_RenderingPath: -1
  m_TargetTexture: {fileID: 0}
  m_TargetDisplay: 0
  m_TargetEye: 3
  m_HDR: 1
  m_AllowMSAA: 1
  m_AllowDynamicResolution: 0
  m_ForceIntoRT: 0
  m_OcclusionCulling: 1
  m_StereoConvergence: 10
  m_StereoSeparation: 0.022
--- !u!81 &1366370784121726449
AudioListener:
  m_ObjectHideFlags: 0
  m_CorrespondingSourceObject: {fileID: 0}
  m_PrefabInstance: {fileID: 0}
  m_PrefabAsset: {fileID: 0}
  m_GameObject: {fileID: 6529391065331904825}
  m_Enabled: 1
--- !u!114 &8830275458623280530
MonoBehaviour:
  m_ObjectHideFlags: 0
  m_CorrespondingSourceObject: {fileID: 0}
  m_PrefabInstance: {fileID: 0}
  m_PrefabAsset: {fileID: 0}
  m_GameObject: {fileID: 6529391065331904825}
  m_Enabled: 1
  m_EditorHideFlags: 0
  m_Script: {fileID: 11500000, guid: a79441f348de89743a2939f4d699eac1, type: 3}
  m_Name: 
  m_EditorClassIdentifier: 
  m_RenderShadows: 1
  m_RequiresDepthTextureOption: 2
  m_RequiresOpaqueTextureOption: 2
  m_CameraType: 0
  m_Cameras: []
  m_RendererIndex: -1
  m_VolumeLayerMask:
    serializedVersion: 2
    m_Bits: 1
  m_VolumeTrigger: {fileID: 0}
  m_RenderPostProcessing: 1
  m_Antialiasing: 0
  m_AntialiasingQuality: 2
  m_StopNaN: 0
  m_Dithering: 0
  m_ClearDepth: 1
  m_RequiresDepthTexture: 0
  m_RequiresColorTexture: 0
  m_Version: 2
--- !u!1001 &4389208384803667399
PrefabInstance:
  m_ObjectHideFlags: 0
  serializedVersion: 2
  m_Modification:
    m_TransformParent: {fileID: 3866023742400184515}
    m_Modifications:
    - target: {fileID: 4823280903835673645, guid: aa9a0b85d04143d4a822d1ce49a55f52, type: 3}
      propertyPath: m_Name
      value: Telephone
      objectReference: {fileID: 0}
    - target: {fileID: 5306485840484810391, guid: aa9a0b85d04143d4a822d1ce49a55f52, type: 3}
      propertyPath: m_RootOrder
      value: 0
      objectReference: {fileID: 0}
    - target: {fileID: 5306485840484810391, guid: aa9a0b85d04143d4a822d1ce49a55f52, type: 3}
      propertyPath: m_LocalPosition.x
      value: -64.24474
      objectReference: {fileID: 0}
    - target: {fileID: 5306485840484810391, guid: aa9a0b85d04143d4a822d1ce49a55f52, type: 3}
      propertyPath: m_LocalPosition.y
      value: 0.34921515
      objectReference: {fileID: 0}
    - target: {fileID: 5306485840484810391, guid: aa9a0b85d04143d4a822d1ce49a55f52, type: 3}
      propertyPath: m_LocalPosition.z
      value: 44.743683
      objectReference: {fileID: 0}
    - target: {fileID: 5306485840484810391, guid: aa9a0b85d04143d4a822d1ce49a55f52, type: 3}
      propertyPath: m_LocalRotation.w
      value: 0.7071068
      objectReference: {fileID: 0}
    - target: {fileID: 5306485840484810391, guid: aa9a0b85d04143d4a822d1ce49a55f52, type: 3}
      propertyPath: m_LocalRotation.x
      value: -0.7071068
      objectReference: {fileID: 0}
    - target: {fileID: 5306485840484810391, guid: aa9a0b85d04143d4a822d1ce49a55f52, type: 3}
      propertyPath: m_LocalRotation.y
      value: -0
      objectReference: {fileID: 0}
    - target: {fileID: 5306485840484810391, guid: aa9a0b85d04143d4a822d1ce49a55f52, type: 3}
      propertyPath: m_LocalRotation.z
      value: -0
      objectReference: {fileID: 0}
    - target: {fileID: 5306485840484810391, guid: aa9a0b85d04143d4a822d1ce49a55f52, type: 3}
      propertyPath: m_LocalEulerAnglesHint.x
      value: -90
      objectReference: {fileID: 0}
    - target: {fileID: 5306485840484810391, guid: aa9a0b85d04143d4a822d1ce49a55f52, type: 3}
      propertyPath: m_LocalEulerAnglesHint.y
      value: 0
      objectReference: {fileID: 0}
    - target: {fileID: 5306485840484810391, guid: aa9a0b85d04143d4a822d1ce49a55f52, type: 3}
      propertyPath: m_LocalEulerAnglesHint.z
      value: 0
      objectReference: {fileID: 0}
    m_RemovedComponents: []
  m_SourcePrefab: {fileID: 100100000, guid: aa9a0b85d04143d4a822d1ce49a55f52, type: 3}
--- !u!4 &8452681475771319120 stripped
Transform:
  m_CorrespondingSourceObject: {fileID: 5306485840484810391, guid: aa9a0b85d04143d4a822d1ce49a55f52, type: 3}
  m_PrefabInstance: {fileID: 4389208384803667399}
  m_PrefabAsset: {fileID: 0}
--- !u!95 &1342188952157216260 stripped
Animator:
  m_CorrespondingSourceObject: {fileID: 3335461401520743363, guid: aa9a0b85d04143d4a822d1ce49a55f52, type: 3}
  m_PrefabInstance: {fileID: 4389208384803667399}
  m_PrefabAsset: {fileID: 0}
