%YAML 1.1
%TAG !u! tag:unity3d.com,2011:
--- !u!29 &1
OcclusionCullingSettings:
  m_ObjectHideFlags: 0
  serializedVersion: 2
  m_OcclusionBakeSettings:
    smallestOccluder: 5
    smallestHole: 0.25
    backfaceThreshold: 100
  m_SceneGUID: 00000000000000000000000000000000
  m_OcclusionCullingData: {fileID: 0}
--- !u!104 &2
RenderSettings:
  m_ObjectHideFlags: 0
  serializedVersion: 9
  m_Fog: 0
  m_FogColor: {r: 0.5, g: 0.5, b: 0.5, a: 1}
  m_FogMode: 3
  m_FogDensity: 0.01
  m_LinearFogStart: 0
  m_LinearFogEnd: 300
  m_AmbientSkyColor: {r: 0.212, g: 0.227, b: 0.259, a: 1}
  m_AmbientEquatorColor: {r: 0.114, g: 0.125, b: 0.133, a: 1}
  m_AmbientGroundColor: {r: 0.047, g: 0.043, b: 0.035, a: 1}
  m_AmbientIntensity: 1
  m_AmbientMode: 0
  m_SubtractiveShadowColor: {r: 0.42, g: 0.478, b: 0.627, a: 1}
  m_SkyboxMaterial: {fileID: 10304, guid: 0000000000000000f000000000000000, type: 0}
  m_HaloStrength: 0.5
  m_FlareStrength: 1
  m_FlareFadeSpeed: 3
  m_HaloTexture: {fileID: 0}
  m_SpotCookie: {fileID: 10001, guid: 0000000000000000e000000000000000, type: 0}
  m_DefaultReflectionMode: 0
  m_DefaultReflectionResolution: 128
  m_ReflectionBounces: 1
  m_ReflectionIntensity: 1
  m_CustomReflection: {fileID: 0}
  m_Sun: {fileID: 0}
  m_IndirectSpecularColor: {r: 0, g: 0, b: 0, a: 1}
  m_UseRadianceAmbientProbe: 0
--- !u!157 &3
LightmapSettings:
  m_ObjectHideFlags: 0
  serializedVersion: 12
  m_GIWorkflowMode: 1
  m_GISettings:
    serializedVersion: 2
    m_BounceScale: 1
    m_IndirectOutputScale: 1
    m_AlbedoBoost: 1
    m_EnvironmentLightingMode: 0
    m_EnableBakedLightmaps: 1
    m_EnableRealtimeLightmaps: 0
  m_LightmapEditorSettings:
    serializedVersion: 12
    m_Resolution: 2
    m_BakeResolution: 40
    m_AtlasSize: 1024
    m_AO: 0
    m_AOMaxDistance: 1
    m_CompAOExponent: 1
    m_CompAOExponentDirect: 0
    m_ExtractAmbientOcclusion: 0
    m_Padding: 2
    m_LightmapParameters: {fileID: 0}
    m_LightmapsBakeMode: 1
    m_TextureCompression: 1
    m_FinalGather: 0
    m_FinalGatherFiltering: 1
    m_FinalGatherRayCount: 256
    m_ReflectionCompression: 2
    m_MixedBakeMode: 2
    m_BakeBackend: 1
    m_PVRSampling: 1
    m_PVRDirectSampleCount: 32
    m_PVRSampleCount: 512
    m_PVRBounces: 2
    m_PVREnvironmentSampleCount: 256
    m_PVREnvironmentReferencePointCount: 2048
    m_PVRFilteringMode: 1
    m_PVRDenoiserTypeDirect: 1
    m_PVRDenoiserTypeIndirect: 1
    m_PVRDenoiserTypeAO: 1
    m_PVRFilterTypeDirect: 0
    m_PVRFilterTypeIndirect: 0
    m_PVRFilterTypeAO: 0
    m_PVREnvironmentMIS: 1
    m_PVRCulling: 1
    m_PVRFilteringGaussRadiusDirect: 1
    m_PVRFilteringGaussRadiusIndirect: 5
    m_PVRFilteringGaussRadiusAO: 2
    m_PVRFilteringAtrousPositionSigmaDirect: 0.5
    m_PVRFilteringAtrousPositionSigmaIndirect: 2
    m_PVRFilteringAtrousPositionSigmaAO: 1
    m_ExportTrainingData: 0
    m_TrainingDataDestination: TrainingData
    m_LightProbeSampleCountMultiplier: 4
  m_LightingDataAsset: {fileID: 0}
  m_LightingSettings: {fileID: 0}
--- !u!196 &4
NavMeshSettings:
  serializedVersion: 2
  m_ObjectHideFlags: 0
  m_BuildSettings:
    serializedVersion: 2
    agentTypeID: 0
    agentRadius: 0.5
    agentHeight: 2
    agentSlope: 45
    agentClimb: 0.4
    ledgeDropHeight: 0
    maxJumpAcrossDistance: 0
    minRegionArea: 2
    manualCellSize: 0
    cellSize: 0.16666667
    manualTileSize: 0
    tileSize: 256
    accuratePlacement: 0
    maxJobWorkers: 0
    preserveTilesOutsideBounds: 0
    debug:
      m_Flags: 0
  m_NavMeshData: {fileID: 0}
--- !u!1 &28260296
GameObject:
  m_ObjectHideFlags: 0
  m_CorrespondingSourceObject: {fileID: 0}
  m_PrefabInstance: {fileID: 0}
  m_PrefabAsset: {fileID: 0}
  serializedVersion: 6
  m_Component:
  - component: {fileID: 28260300}
  - component: {fileID: 28260299}
  - component: {fileID: 28260298}
  - component: {fileID: 28260297}
  m_Layer: 0
  m_Name: Cylinder (1)
  m_TagString: Untagged
  m_Icon: {fileID: 0}
  m_NavMeshLayer: 0
  m_StaticEditorFlags: 0
  m_IsActive: 1
--- !u!136 &28260297
CapsuleCollider:
  m_ObjectHideFlags: 0
  m_CorrespondingSourceObject: {fileID: 0}
  m_PrefabInstance: {fileID: 0}
  m_PrefabAsset: {fileID: 0}
  m_GameObject: {fileID: 28260296}
  m_Material: {fileID: 0}
  m_IsTrigger: 0
  m_Enabled: 1
  m_Radius: 0.5000001
  m_Height: 2
  m_Direction: 1
  m_Center: {x: 0.000000059604645, y: 0, z: -0.00000008940697}
--- !u!23 &28260298
MeshRenderer:
  m_ObjectHideFlags: 0
  m_CorrespondingSourceObject: {fileID: 0}
  m_PrefabInstance: {fileID: 0}
  m_PrefabAsset: {fileID: 0}
  m_GameObject: {fileID: 28260296}
  m_Enabled: 1
  m_CastShadows: 1
  m_ReceiveShadows: 1
  m_DynamicOccludee: 1
  m_MotionVectors: 1
  m_LightProbeUsage: 1
  m_ReflectionProbeUsage: 1
  m_RayTracingMode: 2
  m_RayTraceProcedural: 0
  m_RenderingLayerMask: 1
  m_RendererPriority: 0
  m_Materials:
  - {fileID: 2100000, guid: 6a8f58d0e4acb4244b0575dbfc74e137, type: 2}
  m_StaticBatchInfo:
    firstSubMesh: 0
    subMeshCount: 0
  m_StaticBatchRoot: {fileID: 0}
  m_ProbeAnchor: {fileID: 0}
  m_LightProbeVolumeOverride: {fileID: 0}
  m_ScaleInLightmap: 1
  m_ReceiveGI: 1
  m_PreserveUVs: 0
  m_IgnoreNormalsForChartDetection: 0
  m_ImportantGI: 0
  m_StitchLightmapSeams: 1
  m_SelectedEditorRenderState: 3
  m_MinimumChartSize: 4
  m_AutoUVMaxDistance: 0.5
  m_AutoUVMaxAngle: 89
  m_LightmapParameters: {fileID: 0}
  m_SortingLayerID: 0
  m_SortingLayer: 0
  m_SortingOrder: 0
  m_AdditionalVertexStreams: {fileID: 0}
--- !u!33 &28260299
MeshFilter:
  m_ObjectHideFlags: 0
  m_CorrespondingSourceObject: {fileID: 0}
  m_PrefabInstance: {fileID: 0}
  m_PrefabAsset: {fileID: 0}
  m_GameObject: {fileID: 28260296}
  m_Mesh: {fileID: 10206, guid: 0000000000000000e000000000000000, type: 0}
--- !u!4 &28260300
Transform:
  m_ObjectHideFlags: 0
  m_CorrespondingSourceObject: {fileID: 0}
  m_PrefabInstance: {fileID: 0}
  m_PrefabAsset: {fileID: 0}
  m_GameObject: {fileID: 28260296}
  m_LocalRotation: {x: 0.41292363, y: -0.46545586, z: 0.4991788, w: 0.60304683}
  m_LocalPosition: {x: 24.388042, y: -0.20081091, z: -2.9678307}
  m_LocalScale: {x: 0.05246028, y: 0.05246029, z: 0.05246029}
  m_Children: []
  m_Father: {fileID: 1878455837}
  m_RootOrder: 2
  m_LocalEulerAnglesHint: {x: -82.774, y: 0, z: 0}
--- !u!1 &129027639
GameObject:
  m_ObjectHideFlags: 0
  m_CorrespondingSourceObject: {fileID: 0}
  m_PrefabInstance: {fileID: 0}
  m_PrefabAsset: {fileID: 0}
  serializedVersion: 6
  m_Component:
  - component: {fileID: 129027640}
  m_Layer: 11
  m_Name: Room1
  m_TagString: Untagged
  m_Icon: {fileID: 0}
  m_NavMeshLayer: 0
  m_StaticEditorFlags: 0
  m_IsActive: 1
--- !u!4 &129027640
Transform:
  m_ObjectHideFlags: 0
  m_CorrespondingSourceObject: {fileID: 0}
  m_PrefabInstance: {fileID: 0}
  m_PrefabAsset: {fileID: 0}
  m_GameObject: {fileID: 129027639}
  m_LocalRotation: {x: -0, y: -0, z: -0, w: 1}
  m_LocalPosition: {x: 0, y: -0.5, z: 0}
  m_LocalScale: {x: 1, y: 1, z: 1}
  m_Children:
  - {fileID: 2061424807}
  - {fileID: 749363887}
  - {fileID: 1053489881}
  - {fileID: 2064257644}
  - {fileID: 1260161142}
  m_Father: {fileID: 0}
  m_RootOrder: 0
  m_LocalEulerAnglesHint: {x: 0, y: 0, z: 0}
--- !u!1001 &130576455
PrefabInstance:
  m_ObjectHideFlags: 0
  serializedVersion: 2
  m_Modification:
    m_TransformParent: {fileID: 1053489881}
    m_Modifications:
    - target: {fileID: -8679921383154817045, guid: e409ff1baaefa9a4b956ddfab8560514, type: 3}
      propertyPath: m_RootOrder
      value: 5
      objectReference: {fileID: 0}
    - target: {fileID: -8679921383154817045, guid: e409ff1baaefa9a4b956ddfab8560514, type: 3}
      propertyPath: m_LocalScale.y
      value: 83.42353
      objectReference: {fileID: 0}
    - target: {fileID: -8679921383154817045, guid: e409ff1baaefa9a4b956ddfab8560514, type: 3}
      propertyPath: m_LocalScale.z
      value: 83.423546
      objectReference: {fileID: 0}
    - target: {fileID: -8679921383154817045, guid: e409ff1baaefa9a4b956ddfab8560514, type: 3}
      propertyPath: m_LocalPosition.x
      value: -2.5
      objectReference: {fileID: 0}
    - target: {fileID: -8679921383154817045, guid: e409ff1baaefa9a4b956ddfab8560514, type: 3}
      propertyPath: m_LocalPosition.y
      value: 0.5000019
      objectReference: {fileID: 0}
    - target: {fileID: -8679921383154817045, guid: e409ff1baaefa9a4b956ddfab8560514, type: 3}
      propertyPath: m_LocalPosition.z
      value: 0.99
      objectReference: {fileID: 0}
    - target: {fileID: -8679921383154817045, guid: e409ff1baaefa9a4b956ddfab8560514, type: 3}
      propertyPath: m_LocalRotation.w
      value: 0.69124305
      objectReference: {fileID: 0}
    - target: {fileID: -8679921383154817045, guid: e409ff1baaefa9a4b956ddfab8560514, type: 3}
      propertyPath: m_LocalRotation.x
      value: -0.69124305
      objectReference: {fileID: 0}
    - target: {fileID: -8679921383154817045, guid: e409ff1baaefa9a4b956ddfab8560514, type: 3}
      propertyPath: m_LocalRotation.y
      value: -0.14893979
      objectReference: {fileID: 0}
    - target: {fileID: -8679921383154817045, guid: e409ff1baaefa9a4b956ddfab8560514, type: 3}
      propertyPath: m_LocalRotation.z
      value: -0.14893979
      objectReference: {fileID: 0}
    - target: {fileID: -8679921383154817045, guid: e409ff1baaefa9a4b956ddfab8560514, type: 3}
      propertyPath: m_LocalEulerAnglesHint.x
      value: -90
      objectReference: {fileID: 0}
    - target: {fileID: -8679921383154817045, guid: e409ff1baaefa9a4b956ddfab8560514, type: 3}
      propertyPath: m_LocalEulerAnglesHint.y
      value: 0
      objectReference: {fileID: 0}
    - target: {fileID: -8679921383154817045, guid: e409ff1baaefa9a4b956ddfab8560514, type: 3}
      propertyPath: m_LocalEulerAnglesHint.z
      value: -24.319
      objectReference: {fileID: 0}
    - target: {fileID: -7511558181221131132, guid: e409ff1baaefa9a4b956ddfab8560514, type: 3}
      propertyPath: m_Materials.Array.data[0]
      value: 
      objectReference: {fileID: 2100000, guid: 6a8f58d0e4acb4244b0575dbfc74e137, type: 2}
    - target: {fileID: -7511558181221131132, guid: e409ff1baaefa9a4b956ddfab8560514, type: 3}
      propertyPath: m_Materials.Array.data[1]
      value: 
      objectReference: {fileID: 2100000, guid: d49b1a2f1f8e0fd4eb5aeb18e218e8d2, type: 2}
    - target: {fileID: 919132149155446097, guid: e409ff1baaefa9a4b956ddfab8560514, type: 3}
      propertyPath: m_Name
      value: Shelf
      objectReference: {fileID: 0}
    m_RemovedComponents: []
  m_SourcePrefab: {fileID: 100100000, guid: e409ff1baaefa9a4b956ddfab8560514, type: 3}
--- !u!4 &130576456 stripped
Transform:
  m_CorrespondingSourceObject: {fileID: -8679921383154817045, guid: e409ff1baaefa9a4b956ddfab8560514, type: 3}
  m_PrefabInstance: {fileID: 130576455}
  m_PrefabAsset: {fileID: 0}
--- !u!1001 &287505179
PrefabInstance:
  m_ObjectHideFlags: 0
  serializedVersion: 2
  m_Modification:
    m_TransformParent: {fileID: 1053489881}
    m_Modifications:
    - target: {fileID: 386476055434444498, guid: 793a499bb5c8d0747aa4e9344afcd25e, type: 3}
      propertyPath: m_RootOrder
      value: 6
      objectReference: {fileID: 0}
    - target: {fileID: 386476055434444498, guid: 793a499bb5c8d0747aa4e9344afcd25e, type: 3}
      propertyPath: m_LocalPosition.x
      value: 3.54
      objectReference: {fileID: 0}
    - target: {fileID: 386476055434444498, guid: 793a499bb5c8d0747aa4e9344afcd25e, type: 3}
      propertyPath: m_LocalPosition.y
      value: 0.51421505
      objectReference: {fileID: 0}
    - target: {fileID: 386476055434444498, guid: 793a499bb5c8d0747aa4e9344afcd25e, type: 3}
      propertyPath: m_LocalPosition.z
      value: 1.38
      objectReference: {fileID: 0}
    - target: {fileID: 386476055434444498, guid: 793a499bb5c8d0747aa4e9344afcd25e, type: 3}
      propertyPath: m_LocalRotation.w
      value: 1
      objectReference: {fileID: 0}
    - target: {fileID: 386476055434444498, guid: 793a499bb5c8d0747aa4e9344afcd25e, type: 3}
      propertyPath: m_LocalRotation.x
      value: -0
      objectReference: {fileID: 0}
    - target: {fileID: 386476055434444498, guid: 793a499bb5c8d0747aa4e9344afcd25e, type: 3}
      propertyPath: m_LocalRotation.y
      value: -0
      objectReference: {fileID: 0}
    - target: {fileID: 386476055434444498, guid: 793a499bb5c8d0747aa4e9344afcd25e, type: 3}
      propertyPath: m_LocalRotation.z
      value: -0
      objectReference: {fileID: 0}
    - target: {fileID: 386476055434444498, guid: 793a499bb5c8d0747aa4e9344afcd25e, type: 3}
      propertyPath: m_LocalEulerAnglesHint.x
      value: 0
      objectReference: {fileID: 0}
    - target: {fileID: 386476055434444498, guid: 793a499bb5c8d0747aa4e9344afcd25e, type: 3}
      propertyPath: m_LocalEulerAnglesHint.y
      value: 0
      objectReference: {fileID: 0}
    - target: {fileID: 386476055434444498, guid: 793a499bb5c8d0747aa4e9344afcd25e, type: 3}
      propertyPath: m_LocalEulerAnglesHint.z
      value: 0
      objectReference: {fileID: 0}
    - target: {fileID: 1015237635539297384, guid: 793a499bb5c8d0747aa4e9344afcd25e, type: 3}
      propertyPath: m_Name
      value: table (1)
      objectReference: {fileID: 0}
    m_RemovedComponents: []
  m_SourcePrefab: {fileID: 100100000, guid: 793a499bb5c8d0747aa4e9344afcd25e, type: 3}
--- !u!4 &287505180 stripped
Transform:
  m_CorrespondingSourceObject: {fileID: 386476055434444498, guid: 793a499bb5c8d0747aa4e9344afcd25e, type: 3}
  m_PrefabInstance: {fileID: 287505179}
  m_PrefabAsset: {fileID: 0}
--- !u!1 &287942429
GameObject:
  m_ObjectHideFlags: 0
  m_CorrespondingSourceObject: {fileID: 0}
  m_PrefabInstance: {fileID: 0}
  m_PrefabAsset: {fileID: 0}
  serializedVersion: 6
  m_Component:
  - component: {fileID: 287942433}
  - component: {fileID: 287942432}
  - component: {fileID: 287942431}
  - component: {fileID: 287942430}
  m_Layer: 0
  m_Name: Cylinder
  m_TagString: Untagged
  m_Icon: {fileID: 0}
  m_NavMeshLayer: 0
  m_StaticEditorFlags: 0
  m_IsActive: 1
--- !u!136 &287942430
CapsuleCollider:
  m_ObjectHideFlags: 0
  m_CorrespondingSourceObject: {fileID: 0}
  m_PrefabInstance: {fileID: 0}
  m_PrefabAsset: {fileID: 0}
  m_GameObject: {fileID: 287942429}
  m_Material: {fileID: 0}
  m_IsTrigger: 0
  m_Enabled: 1
  m_Radius: 0.5000001
  m_Height: 2
  m_Direction: 1
  m_Center: {x: 0.000000059604645, y: 0, z: -0.00000008940697}
--- !u!23 &287942431
MeshRenderer:
  m_ObjectHideFlags: 0
  m_CorrespondingSourceObject: {fileID: 0}
  m_PrefabInstance: {fileID: 0}
  m_PrefabAsset: {fileID: 0}
  m_GameObject: {fileID: 287942429}
  m_Enabled: 1
  m_CastShadows: 1
  m_ReceiveShadows: 1
  m_DynamicOccludee: 1
  m_MotionVectors: 1
  m_LightProbeUsage: 1
  m_ReflectionProbeUsage: 1
  m_RayTracingMode: 2
  m_RayTraceProcedural: 0
  m_RenderingLayerMask: 1
  m_RendererPriority: 0
  m_Materials:
  - {fileID: 2100000, guid: 6a8f58d0e4acb4244b0575dbfc74e137, type: 2}
  m_StaticBatchInfo:
    firstSubMesh: 0
    subMeshCount: 0
  m_StaticBatchRoot: {fileID: 0}
  m_ProbeAnchor: {fileID: 0}
  m_LightProbeVolumeOverride: {fileID: 0}
  m_ScaleInLightmap: 1
  m_ReceiveGI: 1
  m_PreserveUVs: 0
  m_IgnoreNormalsForChartDetection: 0
  m_ImportantGI: 0
  m_StitchLightmapSeams: 1
  m_SelectedEditorRenderState: 3
  m_MinimumChartSize: 4
  m_AutoUVMaxDistance: 0.5
  m_AutoUVMaxAngle: 89
  m_LightmapParameters: {fileID: 0}
  m_SortingLayerID: 0
  m_SortingLayer: 0
  m_SortingOrder: 0
  m_AdditionalVertexStreams: {fileID: 0}
--- !u!33 &287942432
MeshFilter:
  m_ObjectHideFlags: 0
  m_CorrespondingSourceObject: {fileID: 0}
  m_PrefabInstance: {fileID: 0}
  m_PrefabAsset: {fileID: 0}
  m_GameObject: {fileID: 287942429}
  m_Mesh: {fileID: 10206, guid: 0000000000000000e000000000000000, type: 0}
--- !u!4 &287942433
Transform:
  m_ObjectHideFlags: 0
  m_CorrespondingSourceObject: {fileID: 0}
  m_PrefabInstance: {fileID: 0}
  m_PrefabAsset: {fileID: 0}
  m_GameObject: {fileID: 287942429}
  m_LocalRotation: {x: 0.41292363, y: -0.46545586, z: 0.4991788, w: 0.60304683}
  m_LocalPosition: {x: 24.396965, y: -0.2687044, z: -4.1210747}
  m_LocalScale: {x: 0.05246028, y: 0.05246029, z: 0.05246029}
  m_Children: []
  m_Father: {fileID: 1878455837}
  m_RootOrder: 1
  m_LocalEulerAnglesHint: {x: -82.774, y: 0, z: 0}
--- !u!1 &368652930
GameObject:
  m_ObjectHideFlags: 0
  m_CorrespondingSourceObject: {fileID: 0}
  m_PrefabInstance: {fileID: 0}
  m_PrefabAsset: {fileID: 0}
  serializedVersion: 6
  m_Component:
  - component: {fileID: 368652934}
  - component: {fileID: 368652933}
  - component: {fileID: 368652932}
  - component: {fileID: 368652931}
  m_Layer: 0
  m_Name: Cylinder (5)
  m_TagString: Untagged
  m_Icon: {fileID: 0}
  m_NavMeshLayer: 0
  m_StaticEditorFlags: 0
  m_IsActive: 1
--- !u!136 &368652931
CapsuleCollider:
  m_ObjectHideFlags: 0
  m_CorrespondingSourceObject: {fileID: 0}
  m_PrefabInstance: {fileID: 0}
  m_PrefabAsset: {fileID: 0}
  m_GameObject: {fileID: 368652930}
  m_Material: {fileID: 0}
  m_IsTrigger: 0
  m_Enabled: 1
  m_Radius: 0.5000001
  m_Height: 2
  m_Direction: 1
  m_Center: {x: 0.000000059604645, y: 0, z: -0.00000008940697}
--- !u!23 &368652932
MeshRenderer:
  m_ObjectHideFlags: 0
  m_CorrespondingSourceObject: {fileID: 0}
  m_PrefabInstance: {fileID: 0}
  m_PrefabAsset: {fileID: 0}
  m_GameObject: {fileID: 368652930}
  m_Enabled: 1
  m_CastShadows: 1
  m_ReceiveShadows: 1
  m_DynamicOccludee: 1
  m_MotionVectors: 1
  m_LightProbeUsage: 1
  m_ReflectionProbeUsage: 1
  m_RayTracingMode: 2
  m_RayTraceProcedural: 0
  m_RenderingLayerMask: 1
  m_RendererPriority: 0
  m_Materials:
  - {fileID: 2100000, guid: 6a8f58d0e4acb4244b0575dbfc74e137, type: 2}
  m_StaticBatchInfo:
    firstSubMesh: 0
    subMeshCount: 0
  m_StaticBatchRoot: {fileID: 0}
  m_ProbeAnchor: {fileID: 0}
  m_LightProbeVolumeOverride: {fileID: 0}
  m_ScaleInLightmap: 1
  m_ReceiveGI: 1
  m_PreserveUVs: 0
  m_IgnoreNormalsForChartDetection: 0
  m_ImportantGI: 0
  m_StitchLightmapSeams: 1
  m_SelectedEditorRenderState: 3
  m_MinimumChartSize: 4
  m_AutoUVMaxDistance: 0.5
  m_AutoUVMaxAngle: 89
  m_LightmapParameters: {fileID: 0}
  m_SortingLayerID: 0
  m_SortingLayer: 0
  m_SortingOrder: 0
  m_AdditionalVertexStreams: {fileID: 0}
--- !u!33 &368652933
MeshFilter:
  m_ObjectHideFlags: 0
  m_CorrespondingSourceObject: {fileID: 0}
  m_PrefabInstance: {fileID: 0}
  m_PrefabAsset: {fileID: 0}
  m_GameObject: {fileID: 368652930}
  m_Mesh: {fileID: 10206, guid: 0000000000000000e000000000000000, type: 0}
--- !u!4 &368652934
Transform:
  m_ObjectHideFlags: 0
  m_CorrespondingSourceObject: {fileID: 0}
  m_PrefabInstance: {fileID: 0}
  m_PrefabAsset: {fileID: 0}
  m_GameObject: {fileID: 368652930}
  m_LocalRotation: {x: -0.47420445, y: -0.57737213, z: -0.42393804, w: 0.5119064}
  m_LocalPosition: {x: 24.277985, y: 0.99854016, z: -3.2583752}
  m_LocalScale: {x: 0.05246028, y: 0.05246029, z: 0.05246029}
  m_Children: []
  m_Father: {fileID: 1058712979}
  m_RootOrder: 2
  m_LocalEulerAnglesHint: {x: -82.774, y: 0, z: 0}
--- !u!1001 &445464546
PrefabInstance:
  m_ObjectHideFlags: 0
  serializedVersion: 2
  m_Modification:
    m_TransformParent: {fileID: 1053489881}
    m_Modifications:
    - target: {fileID: 15470037852847715, guid: d1205769154a7e449a9a205a80d8518c, type: 3}
      propertyPath: m_RootOrder
      value: 3
      objectReference: {fileID: 0}
    - target: {fileID: 15470037852847715, guid: d1205769154a7e449a9a205a80d8518c, type: 3}
      propertyPath: m_LocalPosition.x
      value: -2.933
      objectReference: {fileID: 0}
    - target: {fileID: 15470037852847715, guid: d1205769154a7e449a9a205a80d8518c, type: 3}
      propertyPath: m_LocalPosition.y
      value: 3.003
      objectReference: {fileID: 0}
    - target: {fileID: 15470037852847715, guid: d1205769154a7e449a9a205a80d8518c, type: 3}
      propertyPath: m_LocalPosition.z
      value: 1.924
      objectReference: {fileID: 0}
    - target: {fileID: 15470037852847715, guid: d1205769154a7e449a9a205a80d8518c, type: 3}
      propertyPath: m_LocalRotation.w
      value: 1
      objectReference: {fileID: 0}
    - target: {fileID: 15470037852847715, guid: d1205769154a7e449a9a205a80d8518c, type: 3}
      propertyPath: m_LocalRotation.x
      value: -0
      objectReference: {fileID: 0}
    - target: {fileID: 15470037852847715, guid: d1205769154a7e449a9a205a80d8518c, type: 3}
      propertyPath: m_LocalRotation.y
      value: -0
      objectReference: {fileID: 0}
    - target: {fileID: 15470037852847715, guid: d1205769154a7e449a9a205a80d8518c, type: 3}
      propertyPath: m_LocalRotation.z
      value: -0
      objectReference: {fileID: 0}
    - target: {fileID: 15470037852847715, guid: d1205769154a7e449a9a205a80d8518c, type: 3}
      propertyPath: m_LocalEulerAnglesHint.x
      value: 0
      objectReference: {fileID: 0}
    - target: {fileID: 15470037852847715, guid: d1205769154a7e449a9a205a80d8518c, type: 3}
      propertyPath: m_LocalEulerAnglesHint.y
      value: 0
      objectReference: {fileID: 0}
    - target: {fileID: 15470037852847715, guid: d1205769154a7e449a9a205a80d8518c, type: 3}
      propertyPath: m_LocalEulerAnglesHint.z
      value: 0
      objectReference: {fileID: 0}
    - target: {fileID: 827858890230146265, guid: d1205769154a7e449a9a205a80d8518c, type: 3}
      propertyPath: m_Name
      value: Teapot4
      objectReference: {fileID: 0}
    m_RemovedComponents: []
  m_SourcePrefab: {fileID: 100100000, guid: d1205769154a7e449a9a205a80d8518c, type: 3}
--- !u!4 &445464547 stripped
Transform:
  m_CorrespondingSourceObject: {fileID: 15470037852847715, guid: d1205769154a7e449a9a205a80d8518c, type: 3}
  m_PrefabInstance: {fileID: 445464546}
  m_PrefabAsset: {fileID: 0}
--- !u!1001 &470791762
PrefabInstance:
  m_ObjectHideFlags: 0
  serializedVersion: 2
  m_Modification:
    m_TransformParent: {fileID: 1053489881}
    m_Modifications:
    - target: {fileID: 15470037852847715, guid: d1205769154a7e449a9a205a80d8518c, type: 3}
      propertyPath: m_RootOrder
      value: 2
      objectReference: {fileID: 0}
    - target: {fileID: 15470037852847715, guid: d1205769154a7e449a9a205a80d8518c, type: 3}
      propertyPath: m_LocalPosition.x
      value: -2.56
      objectReference: {fileID: 0}
    - target: {fileID: 15470037852847715, guid: d1205769154a7e449a9a205a80d8518c, type: 3}
      propertyPath: m_LocalPosition.y
      value: 3.003
      objectReference: {fileID: 0}
    - target: {fileID: 15470037852847715, guid: d1205769154a7e449a9a205a80d8518c, type: 3}
      propertyPath: m_LocalPosition.z
      value: 1.31
      objectReference: {fileID: 0}
    - target: {fileID: 15470037852847715, guid: d1205769154a7e449a9a205a80d8518c, type: 3}
      propertyPath: m_LocalRotation.w
      value: 1
      objectReference: {fileID: 0}
    - target: {fileID: 15470037852847715, guid: d1205769154a7e449a9a205a80d8518c, type: 3}
      propertyPath: m_LocalRotation.x
      value: -0
      objectReference: {fileID: 0}
    - target: {fileID: 15470037852847715, guid: d1205769154a7e449a9a205a80d8518c, type: 3}
      propertyPath: m_LocalRotation.y
      value: -0
      objectReference: {fileID: 0}
    - target: {fileID: 15470037852847715, guid: d1205769154a7e449a9a205a80d8518c, type: 3}
      propertyPath: m_LocalRotation.z
      value: -0
      objectReference: {fileID: 0}
    - target: {fileID: 15470037852847715, guid: d1205769154a7e449a9a205a80d8518c, type: 3}
      propertyPath: m_LocalEulerAnglesHint.x
      value: 0
      objectReference: {fileID: 0}
    - target: {fileID: 15470037852847715, guid: d1205769154a7e449a9a205a80d8518c, type: 3}
      propertyPath: m_LocalEulerAnglesHint.y
      value: 0
      objectReference: {fileID: 0}
    - target: {fileID: 15470037852847715, guid: d1205769154a7e449a9a205a80d8518c, type: 3}
      propertyPath: m_LocalEulerAnglesHint.z
      value: 0
      objectReference: {fileID: 0}
    - target: {fileID: 827858890230146265, guid: d1205769154a7e449a9a205a80d8518c, type: 3}
      propertyPath: m_Name
      value: Teapot3
      objectReference: {fileID: 0}
    m_RemovedComponents: []
  m_SourcePrefab: {fileID: 100100000, guid: d1205769154a7e449a9a205a80d8518c, type: 3}
--- !u!4 &470791763 stripped
Transform:
  m_CorrespondingSourceObject: {fileID: 15470037852847715, guid: d1205769154a7e449a9a205a80d8518c, type: 3}
  m_PrefabInstance: {fileID: 470791762}
  m_PrefabAsset: {fileID: 0}
--- !u!1001 &509627279
PrefabInstance:
  m_ObjectHideFlags: 0
  serializedVersion: 2
  m_Modification:
    m_TransformParent: {fileID: 749363887}
    m_Modifications:
    - target: {fileID: 4957828150662297413, guid: 7adbf1d7b56c9b740a7cea0d4899fac2, type: 3}
      propertyPath: m_Name
      value: Crate2
      objectReference: {fileID: 0}
    - target: {fileID: 5730389363617443327, guid: 7adbf1d7b56c9b740a7cea0d4899fac2, type: 3}
      propertyPath: m_RootOrder
      value: 1
      objectReference: {fileID: 0}
    - target: {fileID: 5730389363617443327, guid: 7adbf1d7b56c9b740a7cea0d4899fac2, type: 3}
      propertyPath: m_LocalPosition.x
      value: -2.51
      objectReference: {fileID: 0}
    - target: {fileID: 5730389363617443327, guid: 7adbf1d7b56c9b740a7cea0d4899fac2, type: 3}
      propertyPath: m_LocalPosition.y
      value: 0.50000095
      objectReference: {fileID: 0}
    - target: {fileID: 5730389363617443327, guid: 7adbf1d7b56c9b740a7cea0d4899fac2, type: 3}
      propertyPath: m_LocalPosition.z
      value: -2.1806102
      objectReference: {fileID: 0}
    - target: {fileID: 5730389363617443327, guid: 7adbf1d7b56c9b740a7cea0d4899fac2, type: 3}
      propertyPath: m_LocalRotation.w
      value: 1
      objectReference: {fileID: 0}
    - target: {fileID: 5730389363617443327, guid: 7adbf1d7b56c9b740a7cea0d4899fac2, type: 3}
      propertyPath: m_LocalRotation.x
      value: -0
      objectReference: {fileID: 0}
    - target: {fileID: 5730389363617443327, guid: 7adbf1d7b56c9b740a7cea0d4899fac2, type: 3}
      propertyPath: m_LocalRotation.y
      value: -0
      objectReference: {fileID: 0}
    - target: {fileID: 5730389363617443327, guid: 7adbf1d7b56c9b740a7cea0d4899fac2, type: 3}
      propertyPath: m_LocalRotation.z
      value: -0
      objectReference: {fileID: 0}
    - target: {fileID: 5730389363617443327, guid: 7adbf1d7b56c9b740a7cea0d4899fac2, type: 3}
      propertyPath: m_LocalEulerAnglesHint.x
      value: 0
      objectReference: {fileID: 0}
    - target: {fileID: 5730389363617443327, guid: 7adbf1d7b56c9b740a7cea0d4899fac2, type: 3}
      propertyPath: m_LocalEulerAnglesHint.y
      value: 0
      objectReference: {fileID: 0}
    - target: {fileID: 5730389363617443327, guid: 7adbf1d7b56c9b740a7cea0d4899fac2, type: 3}
      propertyPath: m_LocalEulerAnglesHint.z
      value: 0
      objectReference: {fileID: 0}
    m_RemovedComponents: []
  m_SourcePrefab: {fileID: 100100000, guid: 7adbf1d7b56c9b740a7cea0d4899fac2, type: 3}
--- !u!4 &509627280 stripped
Transform:
  m_CorrespondingSourceObject: {fileID: 5730389363617443327, guid: 7adbf1d7b56c9b740a7cea0d4899fac2, type: 3}
  m_PrefabInstance: {fileID: 509627279}
  m_PrefabAsset: {fileID: 0}
--- !u!1001 &648884772
PrefabInstance:
  m_ObjectHideFlags: 0
  serializedVersion: 2
  m_Modification:
    m_TransformParent: {fileID: 2061424807}
    m_Modifications:
    - target: {fileID: -8679921383154817045, guid: 19f4f468972e2df438c47f3907a3cf2d, type: 3}
      propertyPath: m_RootOrder
      value: 0
      objectReference: {fileID: 0}
    - target: {fileID: -8679921383154817045, guid: 19f4f468972e2df438c47f3907a3cf2d, type: 3}
      propertyPath: m_LocalScale.y
      value: 100.00003
      objectReference: {fileID: 0}
    - target: {fileID: -8679921383154817045, guid: 19f4f468972e2df438c47f3907a3cf2d, type: 3}
      propertyPath: m_LocalPosition.x
      value: 0
      objectReference: {fileID: 0}
    - target: {fileID: -8679921383154817045, guid: 19f4f468972e2df438c47f3907a3cf2d, type: 3}
      propertyPath: m_LocalPosition.y
      value: 0.3
      objectReference: {fileID: 0}
    - target: {fileID: -8679921383154817045, guid: 19f4f468972e2df438c47f3907a3cf2d, type: 3}
      propertyPath: m_LocalPosition.z
      value: 0
      objectReference: {fileID: 0}
    - target: {fileID: -8679921383154817045, guid: 19f4f468972e2df438c47f3907a3cf2d, type: 3}
      propertyPath: m_LocalRotation.w
      value: 0.7071068
      objectReference: {fileID: 0}
    - target: {fileID: -8679921383154817045, guid: 19f4f468972e2df438c47f3907a3cf2d, type: 3}
      propertyPath: m_LocalRotation.x
      value: -0.7071068
      objectReference: {fileID: 0}
    - target: {fileID: -8679921383154817045, guid: 19f4f468972e2df438c47f3907a3cf2d, type: 3}
      propertyPath: m_LocalRotation.y
      value: -0
      objectReference: {fileID: 0}
    - target: {fileID: -8679921383154817045, guid: 19f4f468972e2df438c47f3907a3cf2d, type: 3}
      propertyPath: m_LocalRotation.z
      value: -0
      objectReference: {fileID: 0}
    - target: {fileID: -8679921383154817045, guid: 19f4f468972e2df438c47f3907a3cf2d, type: 3}
      propertyPath: m_LocalEulerAnglesHint.x
      value: -90
      objectReference: {fileID: 0}
    - target: {fileID: -8679921383154817045, guid: 19f4f468972e2df438c47f3907a3cf2d, type: 3}
      propertyPath: m_LocalEulerAnglesHint.y
      value: 0
      objectReference: {fileID: 0}
    - target: {fileID: -8679921383154817045, guid: 19f4f468972e2df438c47f3907a3cf2d, type: 3}
      propertyPath: m_LocalEulerAnglesHint.z
      value: 0
      objectReference: {fileID: 0}
    - target: {fileID: 919132149155446097, guid: 19f4f468972e2df438c47f3907a3cf2d, type: 3}
      propertyPath: m_Name
      value: Room1
      objectReference: {fileID: 0}
    m_RemovedComponents: []
  m_SourcePrefab: {fileID: 100100000, guid: 19f4f468972e2df438c47f3907a3cf2d, type: 3}
--- !u!4 &648884773 stripped
Transform:
  m_CorrespondingSourceObject: {fileID: -8679921383154817045, guid: 19f4f468972e2df438c47f3907a3cf2d, type: 3}
  m_PrefabInstance: {fileID: 648884772}
  m_PrefabAsset: {fileID: 0}
--- !u!1001 &674820938
PrefabInstance:
  m_ObjectHideFlags: 0
  serializedVersion: 2
  m_Modification:
    m_TransformParent: {fileID: 749363887}
    m_Modifications:
    - target: {fileID: 4823280903835673645, guid: aa9a0b85d04143d4a822d1ce49a55f52, type: 3}
      propertyPath: m_Name
      value: Telephone (1)
      objectReference: {fileID: 0}
    - target: {fileID: 5306485840484810391, guid: aa9a0b85d04143d4a822d1ce49a55f52, type: 3}
      propertyPath: m_RootOrder
      value: 2
      objectReference: {fileID: 0}
    - target: {fileID: 5306485840484810391, guid: aa9a0b85d04143d4a822d1ce49a55f52, type: 3}
      propertyPath: m_LocalPosition.x
      value: -2.1168437
      objectReference: {fileID: 0}
    - target: {fileID: 5306485840484810391, guid: aa9a0b85d04143d4a822d1ce49a55f52, type: 3}
      propertyPath: m_LocalPosition.y
      value: 2.158
      objectReference: {fileID: 0}
    - target: {fileID: 5306485840484810391, guid: aa9a0b85d04143d4a822d1ce49a55f52, type: 3}
      propertyPath: m_LocalPosition.z
      value: 0.40900016
      objectReference: {fileID: 0}
    - target: {fileID: 5306485840484810391, guid: aa9a0b85d04143d4a822d1ce49a55f52, type: 3}
      propertyPath: m_LocalRotation.w
      value: 0.17390424
      objectReference: {fileID: 0}
    - target: {fileID: 5306485840484810391, guid: aa9a0b85d04143d4a822d1ce49a55f52, type: 3}
      propertyPath: m_LocalRotation.x
      value: -0.17390424
      objectReference: {fileID: 0}
    - target: {fileID: 5306485840484810391, guid: aa9a0b85d04143d4a822d1ce49a55f52, type: 3}
      propertyPath: m_LocalRotation.y
      value: -0.68538845
      objectReference: {fileID: 0}
    - target: {fileID: 5306485840484810391, guid: aa9a0b85d04143d4a822d1ce49a55f52, type: 3}
      propertyPath: m_LocalRotation.z
      value: -0.68538845
      objectReference: {fileID: 0}
    - target: {fileID: 5306485840484810391, guid: aa9a0b85d04143d4a822d1ce49a55f52, type: 3}
      propertyPath: m_LocalEulerAnglesHint.x
      value: -90
      objectReference: {fileID: 0}
    - target: {fileID: 5306485840484810391, guid: aa9a0b85d04143d4a822d1ce49a55f52, type: 3}
      propertyPath: m_LocalEulerAnglesHint.y
      value: 0
      objectReference: {fileID: 0}
    - target: {fileID: 5306485840484810391, guid: aa9a0b85d04143d4a822d1ce49a55f52, type: 3}
      propertyPath: m_LocalEulerAnglesHint.z
      value: -151.525
      objectReference: {fileID: 0}
    m_RemovedComponents: []
  m_SourcePrefab: {fileID: 100100000, guid: aa9a0b85d04143d4a822d1ce49a55f52, type: 3}
--- !u!4 &674820939 stripped
Transform:
  m_CorrespondingSourceObject: {fileID: 5306485840484810391, guid: aa9a0b85d04143d4a822d1ce49a55f52, type: 3}
  m_PrefabInstance: {fileID: 674820938}
  m_PrefabAsset: {fileID: 0}
--- !u!1 &698771712
GameObject:
  m_ObjectHideFlags: 0
  m_CorrespondingSourceObject: {fileID: 0}
  m_PrefabInstance: {fileID: 0}
  m_PrefabAsset: {fileID: 0}
  serializedVersion: 6
  m_Component:
  - component: {fileID: 698771713}
  m_Layer: 0
  m_Name: Barrier
  m_TagString: Untagged
  m_Icon: {fileID: 0}
  m_NavMeshLayer: 0
  m_StaticEditorFlags: 0
  m_IsActive: 1
--- !u!4 &698771713
Transform:
  m_ObjectHideFlags: 0
  m_CorrespondingSourceObject: {fileID: 0}
  m_PrefabInstance: {fileID: 0}
  m_PrefabAsset: {fileID: 0}
  m_GameObject: {fileID: 698771712}
  m_LocalRotation: {x: 0, y: 0, z: 0, w: 1}
  m_LocalPosition: {x: -2.114, y: 1.642, z: 4.512}
  m_LocalScale: {x: 1, y: 1, z: 1}
  m_Children:
  - {fileID: 1058712979}
  - {fileID: 1878455837}
  - {fileID: 1610264128}
  m_Father: {fileID: 1053489881}
  m_RootOrder: 12
  m_LocalEulerAnglesHint: {x: 0, y: 0, z: 0}
--- !u!1001 &722101661
PrefabInstance:
  m_ObjectHideFlags: 0
  serializedVersion: 2
  m_Modification:
    m_TransformParent: {fileID: 1053489881}
    m_Modifications:
    - target: {fileID: 1069894996788791203, guid: 27e8e18724c621e43b4b36db61e63747, type: 3}
      propertyPath: m_RootOrder
      value: 13
      objectReference: {fileID: 0}
    - target: {fileID: 1069894996788791203, guid: 27e8e18724c621e43b4b36db61e63747, type: 3}
      propertyPath: m_LocalPosition.x
      value: 2.87
      objectReference: {fileID: 0}
    - target: {fileID: 1069894996788791203, guid: 27e8e18724c621e43b4b36db61e63747, type: 3}
      propertyPath: m_LocalPosition.y
      value: 2.3200002
      objectReference: {fileID: 0}
    - target: {fileID: 1069894996788791203, guid: 27e8e18724c621e43b4b36db61e63747, type: 3}
      propertyPath: m_LocalPosition.z
      value: 6.27
      objectReference: {fileID: 0}
    - target: {fileID: 1069894996788791203, guid: 27e8e18724c621e43b4b36db61e63747, type: 3}
      propertyPath: m_LocalRotation.w
      value: -0.0018557251
      objectReference: {fileID: 0}
    - target: {fileID: 1069894996788791203, guid: 27e8e18724c621e43b4b36db61e63747, type: 3}
      propertyPath: m_LocalRotation.x
      value: -0
      objectReference: {fileID: 0}
    - target: {fileID: 1069894996788791203, guid: 27e8e18724c621e43b4b36db61e63747, type: 3}
      propertyPath: m_LocalRotation.y
      value: 0.9999983
      objectReference: {fileID: 0}
    - target: {fileID: 1069894996788791203, guid: 27e8e18724c621e43b4b36db61e63747, type: 3}
      propertyPath: m_LocalRotation.z
      value: -0
      objectReference: {fileID: 0}
    - target: {fileID: 1069894996788791203, guid: 27e8e18724c621e43b4b36db61e63747, type: 3}
      propertyPath: m_LocalEulerAnglesHint.x
      value: 0
      objectReference: {fileID: 0}
    - target: {fileID: 1069894996788791203, guid: 27e8e18724c621e43b4b36db61e63747, type: 3}
      propertyPath: m_LocalEulerAnglesHint.y
      value: 180.213
      objectReference: {fileID: 0}
    - target: {fileID: 1069894996788791203, guid: 27e8e18724c621e43b4b36db61e63747, type: 3}
      propertyPath: m_LocalEulerAnglesHint.z
      value: 0
      objectReference: {fileID: 0}
    - target: {fileID: 1970816194621689562, guid: 27e8e18724c621e43b4b36db61e63747, type: 3}
      propertyPath: m_Name
      value: fancyshelf
      objectReference: {fileID: 0}
    m_RemovedComponents: []
  m_SourcePrefab: {fileID: 100100000, guid: 27e8e18724c621e43b4b36db61e63747, type: 3}
--- !u!4 &722101662 stripped
Transform:
  m_CorrespondingSourceObject: {fileID: 1069894996788791203, guid: 27e8e18724c621e43b4b36db61e63747, type: 3}
  m_PrefabInstance: {fileID: 722101661}
  m_PrefabAsset: {fileID: 0}
--- !u!1 &749363886
GameObject:
  m_ObjectHideFlags: 0
  m_CorrespondingSourceObject: {fileID: 0}
  m_PrefabInstance: {fileID: 0}
  m_PrefabAsset: {fileID: 0}
  serializedVersion: 6
  m_Component:
  - component: {fileID: 749363887}
  m_Layer: 11
  m_Name: Interactables
  m_TagString: Untagged
  m_Icon: {fileID: 0}
  m_NavMeshLayer: 0
  m_StaticEditorFlags: 0
  m_IsActive: 1
--- !u!4 &749363887
Transform:
  m_ObjectHideFlags: 0
  m_CorrespondingSourceObject: {fileID: 0}
  m_PrefabInstance: {fileID: 0}
  m_PrefabAsset: {fileID: 0}
  m_GameObject: {fileID: 749363886}
  m_LocalRotation: {x: -0, y: -0, z: -0, w: 1}
  m_LocalPosition: {x: 0, y: 0.39, z: 0}
  m_LocalScale: {x: 1, y: 1, z: 1}
  m_Children:
  - {fileID: 1444897863}
  - {fileID: 509627280}
  - {fileID: 674820939}
  m_Father: {fileID: 129027640}
  m_RootOrder: 1
  m_LocalEulerAnglesHint: {x: 0, y: 0, z: 0}
--- !u!1001 &830848942
PrefabInstance:
  m_ObjectHideFlags: 0
  serializedVersion: 2
  m_Modification:
    m_TransformParent: {fileID: 2064257644}
    m_Modifications:
    - target: {fileID: 2724143762278129041, guid: 0ad9ab1a87a35174bb3cd6cbb99245b5, type: 3}
      propertyPath: m_RootOrder
      value: 0
      objectReference: {fileID: 0}
    - target: {fileID: 2724143762278129041, guid: 0ad9ab1a87a35174bb3cd6cbb99245b5, type: 3}
      propertyPath: m_LocalPosition.x
      value: 0.875
      objectReference: {fileID: 0}
    - target: {fileID: 2724143762278129041, guid: 0ad9ab1a87a35174bb3cd6cbb99245b5, type: 3}
      propertyPath: m_LocalPosition.y
      value: 0.797
      objectReference: {fileID: 0}
    - target: {fileID: 2724143762278129041, guid: 0ad9ab1a87a35174bb3cd6cbb99245b5, type: 3}
      propertyPath: m_LocalPosition.z
      value: -4.853
      objectReference: {fileID: 0}
    - target: {fileID: 2724143762278129041, guid: 0ad9ab1a87a35174bb3cd6cbb99245b5, type: 3}
      propertyPath: m_LocalRotation.w
      value: 1
      objectReference: {fileID: 0}
    - target: {fileID: 2724143762278129041, guid: 0ad9ab1a87a35174bb3cd6cbb99245b5, type: 3}
      propertyPath: m_LocalRotation.x
      value: 0
      objectReference: {fileID: 0}
    - target: {fileID: 2724143762278129041, guid: 0ad9ab1a87a35174bb3cd6cbb99245b5, type: 3}
      propertyPath: m_LocalRotation.y
      value: 0
      objectReference: {fileID: 0}
    - target: {fileID: 2724143762278129041, guid: 0ad9ab1a87a35174bb3cd6cbb99245b5, type: 3}
      propertyPath: m_LocalRotation.z
      value: 0
      objectReference: {fileID: 0}
    - target: {fileID: 2724143762278129041, guid: 0ad9ab1a87a35174bb3cd6cbb99245b5, type: 3}
      propertyPath: m_LocalEulerAnglesHint.x
      value: 0
      objectReference: {fileID: 0}
    - target: {fileID: 2724143762278129041, guid: 0ad9ab1a87a35174bb3cd6cbb99245b5, type: 3}
      propertyPath: m_LocalEulerAnglesHint.y
      value: 0
      objectReference: {fileID: 0}
    - target: {fileID: 2724143762278129041, guid: 0ad9ab1a87a35174bb3cd6cbb99245b5, type: 3}
      propertyPath: m_LocalEulerAnglesHint.z
      value: 0
      objectReference: {fileID: 0}
    - target: {fileID: 3352308685775783723, guid: 0ad9ab1a87a35174bb3cd6cbb99245b5, type: 3}
      propertyPath: m_Name
      value: Door (1)
      objectReference: {fileID: 0}
    m_RemovedComponents: []
  m_SourcePrefab: {fileID: 100100000, guid: 0ad9ab1a87a35174bb3cd6cbb99245b5, type: 3}
--- !u!1 &934455569
GameObject:
  m_ObjectHideFlags: 0
  m_CorrespondingSourceObject: {fileID: 0}
  m_PrefabInstance: {fileID: 0}
  m_PrefabAsset: {fileID: 0}
  serializedVersion: 6
  m_Component:
  - component: {fileID: 934455573}
  - component: {fileID: 934455572}
  - component: {fileID: 934455571}
  - component: {fileID: 934455570}
  m_Layer: 0
  m_Name: Cylinder (3)
  m_TagString: Untagged
  m_Icon: {fileID: 0}
  m_NavMeshLayer: 0
  m_StaticEditorFlags: 0
  m_IsActive: 1
--- !u!136 &934455570
CapsuleCollider:
  m_ObjectHideFlags: 0
  m_CorrespondingSourceObject: {fileID: 0}
  m_PrefabInstance: {fileID: 0}
  m_PrefabAsset: {fileID: 0}
  m_GameObject: {fileID: 934455569}
  m_Material: {fileID: 0}
  m_IsTrigger: 0
  m_Enabled: 1
  m_Radius: 0.5000001
  m_Height: 2
  m_Direction: 1
  m_Center: {x: 0.000000059604645, y: 0, z: -0.00000008940697}
--- !u!23 &934455571
MeshRenderer:
  m_ObjectHideFlags: 0
  m_CorrespondingSourceObject: {fileID: 0}
  m_PrefabInstance: {fileID: 0}
  m_PrefabAsset: {fileID: 0}
  m_GameObject: {fileID: 934455569}
  m_Enabled: 1
  m_CastShadows: 1
  m_ReceiveShadows: 1
  m_DynamicOccludee: 1
  m_MotionVectors: 1
  m_LightProbeUsage: 1
  m_ReflectionProbeUsage: 1
  m_RayTracingMode: 2
  m_RayTraceProcedural: 0
  m_RenderingLayerMask: 1
  m_RendererPriority: 0
  m_Materials:
  - {fileID: 2100000, guid: 6a8f58d0e4acb4244b0575dbfc74e137, type: 2}
  m_StaticBatchInfo:
    firstSubMesh: 0
    subMeshCount: 0
  m_StaticBatchRoot: {fileID: 0}
  m_ProbeAnchor: {fileID: 0}
  m_LightProbeVolumeOverride: {fileID: 0}
  m_ScaleInLightmap: 1
  m_ReceiveGI: 1
  m_PreserveUVs: 0
  m_IgnoreNormalsForChartDetection: 0
  m_ImportantGI: 0
  m_StitchLightmapSeams: 1
  m_SelectedEditorRenderState: 3
  m_MinimumChartSize: 4
  m_AutoUVMaxDistance: 0.5
  m_AutoUVMaxAngle: 89
  m_LightmapParameters: {fileID: 0}
  m_SortingLayerID: 0
  m_SortingLayer: 0
  m_SortingOrder: 0
  m_AdditionalVertexStreams: {fileID: 0}
--- !u!33 &934455572
MeshFilter:
  m_ObjectHideFlags: 0
  m_CorrespondingSourceObject: {fileID: 0}
  m_PrefabInstance: {fileID: 0}
  m_PrefabAsset: {fileID: 0}
  m_GameObject: {fileID: 934455569}
  m_Mesh: {fileID: 10206, guid: 0000000000000000e000000000000000, type: 0}
--- !u!4 &934455573
Transform:
  m_ObjectHideFlags: 0
  m_CorrespondingSourceObject: {fileID: 0}
  m_PrefabInstance: {fileID: 0}
  m_PrefabAsset: {fileID: 0}
  m_GameObject: {fileID: 934455569}
  m_LocalRotation: {x: -0.46749628, y: -0.530516, z: -0.46749628, w: 0.530516}
  m_LocalPosition: {x: 24.441004, y: 0.03699994, z: -3.5335665}
  m_LocalScale: {x: 0.044136193, y: 0.052460283, z: 0.05246029}
  m_Children: []
  m_Father: {fileID: 1610264128}
  m_RootOrder: 2
  m_LocalEulerAnglesHint: {x: -82.774, y: 0, z: 0}
--- !u!1 &1053489880
GameObject:
  m_ObjectHideFlags: 0
  m_CorrespondingSourceObject: {fileID: 0}
  m_PrefabInstance: {fileID: 0}
  m_PrefabAsset: {fileID: 0}
  serializedVersion: 6
  m_Component:
  - component: {fileID: 1053489881}
  m_Layer: 11
  m_Name: Deco
  m_TagString: Untagged
  m_Icon: {fileID: 0}
  m_NavMeshLayer: 0
  m_StaticEditorFlags: 0
  m_IsActive: 1
--- !u!4 &1053489881
Transform:
  m_ObjectHideFlags: 0
  m_CorrespondingSourceObject: {fileID: 0}
  m_PrefabInstance: {fileID: 0}
  m_PrefabAsset: {fileID: 0}
  m_GameObject: {fileID: 1053489880}
  m_LocalRotation: {x: -0, y: -0, z: -0, w: 1}
  m_LocalPosition: {x: 0, y: 0.39, z: 0}
  m_LocalScale: {x: 1, y: 1, z: 1}
  m_Children:
  - {fileID: 1371430244}
  - {fileID: 1669163598}
  - {fileID: 470791763}
  - {fileID: 445464547}
  - {fileID: 1187823683}
  - {fileID: 130576456}
  - {fileID: 287505180}
  - {fileID: 3251808877396898672}
  - {fileID: 9070840187715748258}
  - {fileID: 6490662643866706207}
  - {fileID: 1444524691}
  - {fileID: 1623715210403405452}
  - {fileID: 698771713}
  - {fileID: 722101662}
  m_Father: {fileID: 129027640}
  m_RootOrder: 2
  m_LocalEulerAnglesHint: {x: 0, y: 0, z: 0}
--- !u!1001 &1058712978
PrefabInstance:
  m_ObjectHideFlags: 0
  serializedVersion: 2
  m_Modification:
    m_TransformParent: {fileID: 698771713}
    m_Modifications:
    - target: {fileID: -8679921383154817045, guid: 7247a3c832ef28c47b9803512cfd2d22, type: 3}
      propertyPath: m_RootOrder
      value: 0
      objectReference: {fileID: 0}
    - target: {fileID: -8679921383154817045, guid: 7247a3c832ef28c47b9803512cfd2d22, type: 3}
      propertyPath: m_LocalPosition.x
      value: 4.094
      objectReference: {fileID: 0}
    - target: {fileID: -8679921383154817045, guid: 7247a3c832ef28c47b9803512cfd2d22, type: 3}
      propertyPath: m_LocalPosition.y
      value: 0.60599995
      objectReference: {fileID: 0}
    - target: {fileID: -8679921383154817045, guid: 7247a3c832ef28c47b9803512cfd2d22, type: 3}
      propertyPath: m_LocalPosition.z
      value: 24.225513
      objectReference: {fileID: 0}
    - target: {fileID: -8679921383154817045, guid: 7247a3c832ef28c47b9803512cfd2d22, type: 3}
      propertyPath: m_LocalRotation.w
      value: 0.69757974
      objectReference: {fileID: 0}
    - target: {fileID: -8679921383154817045, guid: 7247a3c832ef28c47b9803512cfd2d22, type: 3}
      propertyPath: m_LocalRotation.x
      value: 0.01733647
      objectReference: {fileID: 0}
    - target: {fileID: -8679921383154817045, guid: 7247a3c832ef28c47b9803512cfd2d22, type: 3}
      propertyPath: m_LocalRotation.y
      value: 0.7134631
      objectReference: {fileID: 0}
    - target: {fileID: -8679921383154817045, guid: 7247a3c832ef28c47b9803512cfd2d22, type: 3}
      propertyPath: m_LocalRotation.z
      value: -0.06365856
      objectReference: {fileID: 0}
    - target: {fileID: -8679921383154817045, guid: 7247a3c832ef28c47b9803512cfd2d22, type: 3}
      propertyPath: m_LocalEulerAnglesHint.x
      value: 6.605
      objectReference: {fileID: 0}
    - target: {fileID: -8679921383154817045, guid: 7247a3c832ef28c47b9803512cfd2d22, type: 3}
      propertyPath: m_LocalEulerAnglesHint.y
      value: 91.076
      objectReference: {fileID: 0}
    - target: {fileID: -8679921383154817045, guid: 7247a3c832ef28c47b9803512cfd2d22, type: 3}
      propertyPath: m_LocalEulerAnglesHint.z
      value: -3.698
      objectReference: {fileID: 0}
    - target: {fileID: 919132149155446097, guid: 7247a3c832ef28c47b9803512cfd2d22, type: 3}
      propertyPath: m_Name
      value: sall_plank03
      objectReference: {fileID: 0}
    - target: {fileID: 1344934874292705921, guid: 7247a3c832ef28c47b9803512cfd2d22, type: 3}
      propertyPath: m_Materials.Array.data[0]
      value: 
      objectReference: {fileID: 2100000, guid: c84f6b79bcc2d834a8a72e3b3d6ce441, type: 2}
    m_RemovedComponents: []
  m_SourcePrefab: {fileID: 100100000, guid: 7247a3c832ef28c47b9803512cfd2d22, type: 3}
--- !u!4 &1058712979 stripped
Transform:
  m_CorrespondingSourceObject: {fileID: -8679921383154817045, guid: 7247a3c832ef28c47b9803512cfd2d22, type: 3}
  m_PrefabInstance: {fileID: 1058712978}
  m_PrefabAsset: {fileID: 0}
--- !u!1 &1065664910
GameObject:
  m_ObjectHideFlags: 0
  m_CorrespondingSourceObject: {fileID: 0}
  m_PrefabInstance: {fileID: 0}
  m_PrefabAsset: {fileID: 0}
  serializedVersion: 6
  m_Component:
  - component: {fileID: 1065664914}
  - component: {fileID: 1065664913}
  - component: {fileID: 1065664912}
  - component: {fileID: 1065664911}
  m_Layer: 0
  m_Name: Cylinder (4)
  m_TagString: Untagged
  m_Icon: {fileID: 0}
  m_NavMeshLayer: 0
  m_StaticEditorFlags: 0
  m_IsActive: 1
--- !u!136 &1065664911
CapsuleCollider:
  m_ObjectHideFlags: 0
  m_CorrespondingSourceObject: {fileID: 0}
  m_PrefabInstance: {fileID: 0}
  m_PrefabAsset: {fileID: 0}
  m_GameObject: {fileID: 1065664910}
  m_Material: {fileID: 0}
  m_IsTrigger: 0
  m_Enabled: 1
  m_Radius: 0.5000001
  m_Height: 2
  m_Direction: 1
  m_Center: {x: 0.000000059604645, y: 0, z: -0.00000008940697}
--- !u!23 &1065664912
MeshRenderer:
  m_ObjectHideFlags: 0
  m_CorrespondingSourceObject: {fileID: 0}
  m_PrefabInstance: {fileID: 0}
  m_PrefabAsset: {fileID: 0}
  m_GameObject: {fileID: 1065664910}
  m_Enabled: 1
  m_CastShadows: 1
  m_ReceiveShadows: 1
  m_DynamicOccludee: 1
  m_MotionVectors: 1
  m_LightProbeUsage: 1
  m_ReflectionProbeUsage: 1
  m_RayTracingMode: 2
  m_RayTraceProcedural: 0
  m_RenderingLayerMask: 1
  m_RendererPriority: 0
  m_Materials:
  - {fileID: 2100000, guid: 6a8f58d0e4acb4244b0575dbfc74e137, type: 2}
  m_StaticBatchInfo:
    firstSubMesh: 0
    subMeshCount: 0
  m_StaticBatchRoot: {fileID: 0}
  m_ProbeAnchor: {fileID: 0}
  m_LightProbeVolumeOverride: {fileID: 0}
  m_ScaleInLightmap: 1
  m_ReceiveGI: 1
  m_PreserveUVs: 0
  m_IgnoreNormalsForChartDetection: 0
  m_ImportantGI: 0
  m_StitchLightmapSeams: 1
  m_SelectedEditorRenderState: 3
  m_MinimumChartSize: 4
  m_AutoUVMaxDistance: 0.5
  m_AutoUVMaxAngle: 89
  m_LightmapParameters: {fileID: 0}
  m_SortingLayerID: 0
  m_SortingLayer: 0
  m_SortingOrder: 0
  m_AdditionalVertexStreams: {fileID: 0}
--- !u!33 &1065664913
MeshFilter:
  m_ObjectHideFlags: 0
  m_CorrespondingSourceObject: {fileID: 0}
  m_PrefabInstance: {fileID: 0}
  m_PrefabAsset: {fileID: 0}
  m_GameObject: {fileID: 1065664910}
  m_Mesh: {fileID: 10206, guid: 0000000000000000e000000000000000, type: 0}
--- !u!4 &1065664914
Transform:
  m_ObjectHideFlags: 0
  m_CorrespondingSourceObject: {fileID: 0}
  m_PrefabInstance: {fileID: 0}
  m_PrefabAsset: {fileID: 0}
  m_GameObject: {fileID: 1065664910}
  m_LocalRotation: {x: -0.47420445, y: -0.57737213, z: -0.42393804, w: 0.5119064}
  m_LocalPosition: {x: 24.306871, y: 0.83964676, z: -4.2352295}
  m_LocalScale: {x: 0.05246028, y: 0.05246029, z: 0.05246029}
  m_Children: []
  m_Father: {fileID: 1058712979}
  m_RootOrder: 1
  m_LocalEulerAnglesHint: {x: -82.774, y: 0, z: 0}
--- !u!1 &1089806326 stripped
GameObject:
  m_CorrespondingSourceObject: {fileID: 919132149155446097, guid: 19f4f468972e2df438c47f3907a3cf2d, type: 3}
  m_PrefabInstance: {fileID: 648884772}
  m_PrefabAsset: {fileID: 0}
--- !u!64 &1089806330
MeshCollider:
  m_ObjectHideFlags: 0
  m_CorrespondingSourceObject: {fileID: 0}
  m_PrefabInstance: {fileID: 0}
  m_PrefabAsset: {fileID: 0}
  m_GameObject: {fileID: 1089806326}
  m_Material: {fileID: 0}
  m_IsTrigger: 0
  m_Enabled: 1
  serializedVersion: 4
  m_Convex: 0
  m_CookingOptions: 30
  m_Mesh: {fileID: 4305853009149753882, guid: 19f4f468972e2df438c47f3907a3cf2d, type: 3}
--- !u!1001 &1187823682
PrefabInstance:
  m_ObjectHideFlags: 0
  serializedVersion: 2
  m_Modification:
    m_TransformParent: {fileID: 1053489881}
    m_Modifications:
    - target: {fileID: 2806309720928254056, guid: ba453009988eafd4cbe4fe7ddbf4bea2, type: 3}
      propertyPath: m_RootOrder
      value: 4
      objectReference: {fileID: 0}
    - target: {fileID: 2806309720928254056, guid: ba453009988eafd4cbe4fe7ddbf4bea2, type: 3}
      propertyPath: m_LocalPosition.x
      value: -2.1467056
      objectReference: {fileID: 0}
    - target: {fileID: 2806309720928254056, guid: ba453009988eafd4cbe4fe7ddbf4bea2, type: 3}
      propertyPath: m_LocalPosition.y
      value: 1.343
      objectReference: {fileID: 0}
    - target: {fileID: 2806309720928254056, guid: ba453009988eafd4cbe4fe7ddbf4bea2, type: 3}
      propertyPath: m_LocalPosition.z
      value: 1.7654378
      objectReference: {fileID: 0}
    - target: {fileID: 2806309720928254056, guid: ba453009988eafd4cbe4fe7ddbf4bea2, type: 3}
      propertyPath: m_LocalRotation.w
      value: 1
      objectReference: {fileID: 0}
    - target: {fileID: 2806309720928254056, guid: ba453009988eafd4cbe4fe7ddbf4bea2, type: 3}
      propertyPath: m_LocalRotation.x
      value: -0
      objectReference: {fileID: 0}
    - target: {fileID: 2806309720928254056, guid: ba453009988eafd4cbe4fe7ddbf4bea2, type: 3}
      propertyPath: m_LocalRotation.y
      value: -0
      objectReference: {fileID: 0}
    - target: {fileID: 2806309720928254056, guid: ba453009988eafd4cbe4fe7ddbf4bea2, type: 3}
      propertyPath: m_LocalRotation.z
      value: -0
      objectReference: {fileID: 0}
    - target: {fileID: 2806309720928254056, guid: ba453009988eafd4cbe4fe7ddbf4bea2, type: 3}
      propertyPath: m_LocalEulerAnglesHint.x
      value: 0
      objectReference: {fileID: 0}
    - target: {fileID: 2806309720928254056, guid: ba453009988eafd4cbe4fe7ddbf4bea2, type: 3}
      propertyPath: m_LocalEulerAnglesHint.y
      value: 0
      objectReference: {fileID: 0}
    - target: {fileID: 2806309720928254056, guid: ba453009988eafd4cbe4fe7ddbf4bea2, type: 3}
      propertyPath: m_LocalEulerAnglesHint.z
      value: 0
      objectReference: {fileID: 0}
    - target: {fileID: 3294897140636525266, guid: ba453009988eafd4cbe4fe7ddbf4bea2, type: 3}
      propertyPath: m_Name
      value: book stack (1)
      objectReference: {fileID: 0}
    m_RemovedComponents: []
  m_SourcePrefab: {fileID: 100100000, guid: ba453009988eafd4cbe4fe7ddbf4bea2, type: 3}
--- !u!4 &1187823683 stripped
Transform:
  m_CorrespondingSourceObject: {fileID: 2806309720928254056, guid: ba453009988eafd4cbe4fe7ddbf4bea2, type: 3}
  m_PrefabInstance: {fileID: 1187823682}
  m_PrefabAsset: {fileID: 0}
--- !u!1 &1260161141
GameObject:
  m_ObjectHideFlags: 0
  m_CorrespondingSourceObject: {fileID: 0}
  m_PrefabInstance: {fileID: 0}
  m_PrefabAsset: {fileID: 0}
  serializedVersion: 6
  m_Component:
  - component: {fileID: 1260161142}
  m_Layer: 11
  m_Name: collider
  m_TagString: Untagged
  m_Icon: {fileID: 0}
  m_NavMeshLayer: 0
  m_StaticEditorFlags: 0
  m_IsActive: 1
--- !u!4 &1260161142
Transform:
  m_ObjectHideFlags: 0
  m_CorrespondingSourceObject: {fileID: 0}
  m_PrefabInstance: {fileID: 0}
  m_PrefabAsset: {fileID: 0}
  m_GameObject: {fileID: 1260161141}
  m_LocalRotation: {x: 0, y: 0, z: 0, w: 1}
  m_LocalPosition: {x: 0, y: 0, z: 0}
  m_LocalScale: {x: 1, y: 1, z: 1}
  m_Children:
  - {fileID: 1867568537}
  m_Father: {fileID: 129027640}
  m_RootOrder: 4
  m_LocalEulerAnglesHint: {x: 0, y: 0, z: 0}
--- !u!4 &1262409032 stripped
Transform:
  m_CorrespondingSourceObject: {fileID: 2724143762278129041, guid: 0ad9ab1a87a35174bb3cd6cbb99245b5, type: 3}
  m_PrefabInstance: {fileID: 830848942}
  m_PrefabAsset: {fileID: 0}
--- !u!1001 &1371430243
PrefabInstance:
  m_ObjectHideFlags: 0
  serializedVersion: 2
  m_Modification:
    m_TransformParent: {fileID: 1053489881}
    m_Modifications:
    - target: {fileID: 15470037852847715, guid: d1205769154a7e449a9a205a80d8518c, type: 3}
      propertyPath: m_RootOrder
      value: 0
      objectReference: {fileID: 0}
    - target: {fileID: 15470037852847715, guid: d1205769154a7e449a9a205a80d8518c, type: 3}
      propertyPath: m_LocalPosition.x
      value: -1.927
      objectReference: {fileID: 0}
    - target: {fileID: 15470037852847715, guid: d1205769154a7e449a9a205a80d8518c, type: 3}
      propertyPath: m_LocalPosition.y
      value: 3.003
      objectReference: {fileID: 0}
    - target: {fileID: 15470037852847715, guid: d1205769154a7e449a9a205a80d8518c, type: 3}
      propertyPath: m_LocalPosition.z
      value: -0.043
      objectReference: {fileID: 0}
    - target: {fileID: 15470037852847715, guid: d1205769154a7e449a9a205a80d8518c, type: 3}
      propertyPath: m_LocalRotation.w
      value: 1
      objectReference: {fileID: 0}
    - target: {fileID: 15470037852847715, guid: d1205769154a7e449a9a205a80d8518c, type: 3}
      propertyPath: m_LocalRotation.x
      value: -0
      objectReference: {fileID: 0}
    - target: {fileID: 15470037852847715, guid: d1205769154a7e449a9a205a80d8518c, type: 3}
      propertyPath: m_LocalRotation.y
      value: -0
      objectReference: {fileID: 0}
    - target: {fileID: 15470037852847715, guid: d1205769154a7e449a9a205a80d8518c, type: 3}
      propertyPath: m_LocalRotation.z
      value: -0
      objectReference: {fileID: 0}
    - target: {fileID: 15470037852847715, guid: d1205769154a7e449a9a205a80d8518c, type: 3}
      propertyPath: m_LocalEulerAnglesHint.x
      value: 0
      objectReference: {fileID: 0}
    - target: {fileID: 15470037852847715, guid: d1205769154a7e449a9a205a80d8518c, type: 3}
      propertyPath: m_LocalEulerAnglesHint.y
      value: 0
      objectReference: {fileID: 0}
    - target: {fileID: 15470037852847715, guid: d1205769154a7e449a9a205a80d8518c, type: 3}
      propertyPath: m_LocalEulerAnglesHint.z
      value: 0
      objectReference: {fileID: 0}
    - target: {fileID: 827858890230146265, guid: d1205769154a7e449a9a205a80d8518c, type: 3}
      propertyPath: m_Name
      value: Teapot
      objectReference: {fileID: 0}
    m_RemovedComponents: []
  m_SourcePrefab: {fileID: 100100000, guid: d1205769154a7e449a9a205a80d8518c, type: 3}
--- !u!4 &1371430244 stripped
Transform:
  m_CorrespondingSourceObject: {fileID: 15470037852847715, guid: d1205769154a7e449a9a205a80d8518c, type: 3}
  m_PrefabInstance: {fileID: 1371430243}
  m_PrefabAsset: {fileID: 0}
--- !u!1001 &1444524690
PrefabInstance:
  m_ObjectHideFlags: 0
  serializedVersion: 2
  m_Modification:
    m_TransformParent: {fileID: 1053489881}
    m_Modifications:
    - target: {fileID: 1502566448209031475, guid: eb4a2ce6b231c9d42a13f6a7054f3ba8, type: 3}
      propertyPath: m_RootOrder
      value: 10
      objectReference: {fileID: 0}
    - target: {fileID: 1502566448209031475, guid: eb4a2ce6b231c9d42a13f6a7054f3ba8, type: 3}
      propertyPath: m_LocalPosition.x
      value: 3.1111522
      objectReference: {fileID: 0}
    - target: {fileID: 1502566448209031475, guid: eb4a2ce6b231c9d42a13f6a7054f3ba8, type: 3}
      propertyPath: m_LocalPosition.y
      value: 1.427
      objectReference: {fileID: 0}
    - target: {fileID: 1502566448209031475, guid: eb4a2ce6b231c9d42a13f6a7054f3ba8, type: 3}
      propertyPath: m_LocalPosition.z
      value: 1.2584363
      objectReference: {fileID: 0}
    - target: {fileID: 1502566448209031475, guid: eb4a2ce6b231c9d42a13f6a7054f3ba8, type: 3}
      propertyPath: m_LocalRotation.w
      value: 0.8756483
      objectReference: {fileID: 0}
    - target: {fileID: 1502566448209031475, guid: eb4a2ce6b231c9d42a13f6a7054f3ba8, type: 3}
      propertyPath: m_LocalRotation.x
      value: -0
      objectReference: {fileID: 0}
    - target: {fileID: 1502566448209031475, guid: eb4a2ce6b231c9d42a13f6a7054f3ba8, type: 3}
      propertyPath: m_LocalRotation.y
      value: -0.48294935
      objectReference: {fileID: 0}
    - target: {fileID: 1502566448209031475, guid: eb4a2ce6b231c9d42a13f6a7054f3ba8, type: 3}
      propertyPath: m_LocalRotation.z
      value: -0
      objectReference: {fileID: 0}
    - target: {fileID: 1502566448209031475, guid: eb4a2ce6b231c9d42a13f6a7054f3ba8, type: 3}
      propertyPath: m_LocalEulerAnglesHint.x
      value: 0
      objectReference: {fileID: 0}
    - target: {fileID: 1502566448209031475, guid: eb4a2ce6b231c9d42a13f6a7054f3ba8, type: 3}
      propertyPath: m_LocalEulerAnglesHint.y
      value: -57.756
      objectReference: {fileID: 0}
    - target: {fileID: 1502566448209031475, guid: eb4a2ce6b231c9d42a13f6a7054f3ba8, type: 3}
      propertyPath: m_LocalEulerAnglesHint.z
      value: 0
      objectReference: {fileID: 0}
    - target: {fileID: 2274846221084076937, guid: eb4a2ce6b231c9d42a13f6a7054f3ba8, type: 3}
      propertyPath: m_Name
      value: cup_empty
      objectReference: {fileID: 0}
    m_RemovedComponents: []
  m_SourcePrefab: {fileID: 100100000, guid: eb4a2ce6b231c9d42a13f6a7054f3ba8, type: 3}
--- !u!4 &1444524691 stripped
Transform:
  m_CorrespondingSourceObject: {fileID: 1502566448209031475, guid: eb4a2ce6b231c9d42a13f6a7054f3ba8, type: 3}
  m_PrefabInstance: {fileID: 1444524690}
  m_PrefabAsset: {fileID: 0}
--- !u!1001 &1444897862
PrefabInstance:
  m_ObjectHideFlags: 0
  serializedVersion: 2
  m_Modification:
    m_TransformParent: {fileID: 749363887}
    m_Modifications:
    - target: {fileID: 4957828150662297413, guid: 7adbf1d7b56c9b740a7cea0d4899fac2, type: 3}
      propertyPath: m_Name
      value: Crate
      objectReference: {fileID: 0}
    - target: {fileID: 5730389363617443327, guid: 7adbf1d7b56c9b740a7cea0d4899fac2, type: 3}
      propertyPath: m_RootOrder
      value: 0
      objectReference: {fileID: 0}
    - target: {fileID: 5730389363617443327, guid: 7adbf1d7b56c9b740a7cea0d4899fac2, type: 3}
      propertyPath: m_LocalPosition.x
      value: 3.92
      objectReference: {fileID: 0}
    - target: {fileID: 5730389363617443327, guid: 7adbf1d7b56c9b740a7cea0d4899fac2, type: 3}
      propertyPath: m_LocalPosition.y
      value: 0.5
      objectReference: {fileID: 0}
    - target: {fileID: 5730389363617443327, guid: 7adbf1d7b56c9b740a7cea0d4899fac2, type: 3}
      propertyPath: m_LocalPosition.z
      value: -3.05
      objectReference: {fileID: 0}
    - target: {fileID: 5730389363617443327, guid: 7adbf1d7b56c9b740a7cea0d4899fac2, type: 3}
      propertyPath: m_LocalRotation.w
      value: 0.98253745
      objectReference: {fileID: 0}
    - target: {fileID: 5730389363617443327, guid: 7adbf1d7b56c9b740a7cea0d4899fac2, type: 3}
      propertyPath: m_LocalRotation.x
      value: -0
      objectReference: {fileID: 0}
    - target: {fileID: 5730389363617443327, guid: 7adbf1d7b56c9b740a7cea0d4899fac2, type: 3}
      propertyPath: m_LocalRotation.y
      value: -0.18606521
      objectReference: {fileID: 0}
    - target: {fileID: 5730389363617443327, guid: 7adbf1d7b56c9b740a7cea0d4899fac2, type: 3}
      propertyPath: m_LocalRotation.z
      value: -0
      objectReference: {fileID: 0}
    - target: {fileID: 5730389363617443327, guid: 7adbf1d7b56c9b740a7cea0d4899fac2, type: 3}
      propertyPath: m_LocalEulerAnglesHint.x
      value: 0
      objectReference: {fileID: 0}
    - target: {fileID: 5730389363617443327, guid: 7adbf1d7b56c9b740a7cea0d4899fac2, type: 3}
      propertyPath: m_LocalEulerAnglesHint.y
      value: -21.446
      objectReference: {fileID: 0}
    - target: {fileID: 5730389363617443327, guid: 7adbf1d7b56c9b740a7cea0d4899fac2, type: 3}
      propertyPath: m_LocalEulerAnglesHint.z
      value: 0
      objectReference: {fileID: 0}
    m_RemovedComponents: []
  m_SourcePrefab: {fileID: 100100000, guid: 7adbf1d7b56c9b740a7cea0d4899fac2, type: 3}
--- !u!4 &1444897863 stripped
Transform:
  m_CorrespondingSourceObject: {fileID: 5730389363617443327, guid: 7adbf1d7b56c9b740a7cea0d4899fac2, type: 3}
  m_PrefabInstance: {fileID: 1444897862}
  m_PrefabAsset: {fileID: 0}
--- !u!1 &1474190559
GameObject:
  m_ObjectHideFlags: 0
  m_CorrespondingSourceObject: {fileID: 0}
  m_PrefabInstance: {fileID: 0}
  m_PrefabAsset: {fileID: 0}
  serializedVersion: 6
  m_Component:
  - component: {fileID: 1474190563}
  - component: {fileID: 1474190562}
  - component: {fileID: 1474190561}
  - component: {fileID: 1474190560}
  m_Layer: 0
  m_Name: Cylinder (2)
  m_TagString: Untagged
  m_Icon: {fileID: 0}
  m_NavMeshLayer: 0
  m_StaticEditorFlags: 0
  m_IsActive: 1
--- !u!136 &1474190560
CapsuleCollider:
  m_ObjectHideFlags: 0
  m_CorrespondingSourceObject: {fileID: 0}
  m_PrefabInstance: {fileID: 0}
  m_PrefabAsset: {fileID: 0}
  m_GameObject: {fileID: 1474190559}
  m_Material: {fileID: 0}
  m_IsTrigger: 0
  m_Enabled: 1
  m_Radius: 0.5000001
  m_Height: 2
  m_Direction: 1
  m_Center: {x: 0.000000059604645, y: 0, z: -0.00000008940697}
--- !u!23 &1474190561
MeshRenderer:
  m_ObjectHideFlags: 0
  m_CorrespondingSourceObject: {fileID: 0}
  m_PrefabInstance: {fileID: 0}
  m_PrefabAsset: {fileID: 0}
  m_GameObject: {fileID: 1474190559}
  m_Enabled: 1
  m_CastShadows: 1
  m_ReceiveShadows: 1
  m_DynamicOccludee: 1
  m_MotionVectors: 1
  m_LightProbeUsage: 1
  m_ReflectionProbeUsage: 1
  m_RayTracingMode: 2
  m_RayTraceProcedural: 0
  m_RenderingLayerMask: 1
  m_RendererPriority: 0
  m_Materials:
  - {fileID: 2100000, guid: 6a8f58d0e4acb4244b0575dbfc74e137, type: 2}
  m_StaticBatchInfo:
    firstSubMesh: 0
    subMeshCount: 0
  m_StaticBatchRoot: {fileID: 0}
  m_ProbeAnchor: {fileID: 0}
  m_LightProbeVolumeOverride: {fileID: 0}
  m_ScaleInLightmap: 1
  m_ReceiveGI: 1
  m_PreserveUVs: 0
  m_IgnoreNormalsForChartDetection: 0
  m_ImportantGI: 0
  m_StitchLightmapSeams: 1
  m_SelectedEditorRenderState: 3
  m_MinimumChartSize: 4
  m_AutoUVMaxDistance: 0.5
  m_AutoUVMaxAngle: 89
  m_LightmapParameters: {fileID: 0}
  m_SortingLayerID: 0
  m_SortingLayer: 0
  m_SortingOrder: 0
  m_AdditionalVertexStreams: {fileID: 0}
--- !u!33 &1474190562
MeshFilter:
  m_ObjectHideFlags: 0
  m_CorrespondingSourceObject: {fileID: 0}
  m_PrefabInstance: {fileID: 0}
  m_PrefabAsset: {fileID: 0}
  m_GameObject: {fileID: 1474190559}
  m_Mesh: {fileID: 10206, guid: 0000000000000000e000000000000000, type: 0}
--- !u!4 &1474190563
Transform:
  m_ObjectHideFlags: 0
  m_CorrespondingSourceObject: {fileID: 0}
  m_PrefabInstance: {fileID: 0}
  m_PrefabAsset: {fileID: 0}
  m_GameObject: {fileID: 1474190559}
  m_LocalRotation: {x: -0.46749628, y: -0.530516, z: -0.46749628, w: 0.530516}
  m_LocalPosition: {x: 24.454004, y: -0.06300008, z: -2.4465735}
  m_LocalScale: {x: 0.044136193, y: 0.052460283, z: 0.05246029}
  m_Children: []
  m_Father: {fileID: 1610264128}
  m_RootOrder: 1
  m_LocalEulerAnglesHint: {x: -82.774, y: 0, z: 0}
--- !u!1001 &1610264127
PrefabInstance:
  m_ObjectHideFlags: 0
  serializedVersion: 2
  m_Modification:
    m_TransformParent: {fileID: 698771713}
    m_Modifications:
    - target: {fileID: -8679921383154817045, guid: 370a55afaa140fa4a94cee61fdfd571b, type: 3}
      propertyPath: m_RootOrder
      value: 2
      objectReference: {fileID: 0}
    - target: {fileID: -8679921383154817045, guid: 370a55afaa140fa4a94cee61fdfd571b, type: 3}
      propertyPath: m_LocalScale.z
      value: 1.1886
      objectReference: {fileID: 0}
    - target: {fileID: -8679921383154817045, guid: 370a55afaa140fa4a94cee61fdfd571b, type: 3}
      propertyPath: m_LocalPosition.x
      value: 3.614
      objectReference: {fileID: 0}
    - target: {fileID: -8679921383154817045, guid: 370a55afaa140fa4a94cee61fdfd571b, type: 3}
      propertyPath: m_LocalPosition.y
      value: -0.4289999
      objectReference: {fileID: 0}
    - target: {fileID: -8679921383154817045, guid: 370a55afaa140fa4a94cee61fdfd571b, type: 3}
      propertyPath: m_LocalPosition.z
      value: 24.388
      objectReference: {fileID: 0}
    - target: {fileID: -8679921383154817045, guid: 370a55afaa140fa4a94cee61fdfd571b, type: 3}
      propertyPath: m_LocalRotation.w
      value: 0.7071068
      objectReference: {fileID: 0}
    - target: {fileID: -8679921383154817045, guid: 370a55afaa140fa4a94cee61fdfd571b, type: 3}
      propertyPath: m_LocalRotation.x
      value: -0
      objectReference: {fileID: 0}
    - target: {fileID: -8679921383154817045, guid: 370a55afaa140fa4a94cee61fdfd571b, type: 3}
      propertyPath: m_LocalRotation.y
      value: 0.7071068
      objectReference: {fileID: 0}
    - target: {fileID: -8679921383154817045, guid: 370a55afaa140fa4a94cee61fdfd571b, type: 3}
      propertyPath: m_LocalRotation.z
      value: -0
      objectReference: {fileID: 0}
    - target: {fileID: -8679921383154817045, guid: 370a55afaa140fa4a94cee61fdfd571b, type: 3}
      propertyPath: m_LocalEulerAnglesHint.x
      value: 0
      objectReference: {fileID: 0}
    - target: {fileID: -8679921383154817045, guid: 370a55afaa140fa4a94cee61fdfd571b, type: 3}
      propertyPath: m_LocalEulerAnglesHint.y
      value: 0
      objectReference: {fileID: 0}
    - target: {fileID: -8679921383154817045, guid: 370a55afaa140fa4a94cee61fdfd571b, type: 3}
      propertyPath: m_LocalEulerAnglesHint.z
      value: 0
      objectReference: {fileID: 0}
    - target: {fileID: 919132149155446097, guid: 370a55afaa140fa4a94cee61fdfd571b, type: 3}
      propertyPath: m_Name
      value: sall_plank01 (1)
      objectReference: {fileID: 0}
    - target: {fileID: 5092506251500212311, guid: 370a55afaa140fa4a94cee61fdfd571b, type: 3}
      propertyPath: m_Materials.Array.data[0]
      value: 
      objectReference: {fileID: 2100000, guid: c84f6b79bcc2d834a8a72e3b3d6ce441, type: 2}
    m_RemovedComponents: []
  m_SourcePrefab: {fileID: 100100000, guid: 370a55afaa140fa4a94cee61fdfd571b, type: 3}
--- !u!4 &1610264128 stripped
Transform:
  m_CorrespondingSourceObject: {fileID: -8679921383154817045, guid: 370a55afaa140fa4a94cee61fdfd571b, type: 3}
  m_PrefabInstance: {fileID: 1610264127}
  m_PrefabAsset: {fileID: 0}
--- !u!1001 &1669163597
PrefabInstance:
  m_ObjectHideFlags: 0
  serializedVersion: 2
  m_Modification:
    m_TransformParent: {fileID: 1053489881}
    m_Modifications:
    - target: {fileID: 15470037852847715, guid: d1205769154a7e449a9a205a80d8518c, type: 3}
      propertyPath: m_RootOrder
      value: 1
      objectReference: {fileID: 0}
    - target: {fileID: 15470037852847715, guid: d1205769154a7e449a9a205a80d8518c, type: 3}
      propertyPath: m_LocalPosition.x
      value: -2.245
      objectReference: {fileID: 0}
    - target: {fileID: 15470037852847715, guid: d1205769154a7e449a9a205a80d8518c, type: 3}
      propertyPath: m_LocalPosition.y
      value: 3.003
      objectReference: {fileID: 0}
    - target: {fileID: 15470037852847715, guid: d1205769154a7e449a9a205a80d8518c, type: 3}
      propertyPath: m_LocalPosition.z
      value: 0.569
      objectReference: {fileID: 0}
    - target: {fileID: 15470037852847715, guid: d1205769154a7e449a9a205a80d8518c, type: 3}
      propertyPath: m_LocalRotation.w
      value: 1
      objectReference: {fileID: 0}
    - target: {fileID: 15470037852847715, guid: d1205769154a7e449a9a205a80d8518c, type: 3}
      propertyPath: m_LocalRotation.x
      value: -0
      objectReference: {fileID: 0}
    - target: {fileID: 15470037852847715, guid: d1205769154a7e449a9a205a80d8518c, type: 3}
      propertyPath: m_LocalRotation.y
      value: -0
      objectReference: {fileID: 0}
    - target: {fileID: 15470037852847715, guid: d1205769154a7e449a9a205a80d8518c, type: 3}
      propertyPath: m_LocalRotation.z
      value: -0
      objectReference: {fileID: 0}
    - target: {fileID: 15470037852847715, guid: d1205769154a7e449a9a205a80d8518c, type: 3}
      propertyPath: m_LocalEulerAnglesHint.x
      value: 0
      objectReference: {fileID: 0}
    - target: {fileID: 15470037852847715, guid: d1205769154a7e449a9a205a80d8518c, type: 3}
      propertyPath: m_LocalEulerAnglesHint.y
      value: 0
      objectReference: {fileID: 0}
    - target: {fileID: 15470037852847715, guid: d1205769154a7e449a9a205a80d8518c, type: 3}
      propertyPath: m_LocalEulerAnglesHint.z
      value: 0
      objectReference: {fileID: 0}
    - target: {fileID: 827858890230146265, guid: d1205769154a7e449a9a205a80d8518c, type: 3}
      propertyPath: m_Name
      value: Teapot2
      objectReference: {fileID: 0}
    m_RemovedComponents: []
  m_SourcePrefab: {fileID: 100100000, guid: d1205769154a7e449a9a205a80d8518c, type: 3}
--- !u!4 &1669163598 stripped
Transform:
  m_CorrespondingSourceObject: {fileID: 15470037852847715, guid: d1205769154a7e449a9a205a80d8518c, type: 3}
  m_PrefabInstance: {fileID: 1669163597}
  m_PrefabAsset: {fileID: 0}
--- !u!1 &1867568536
GameObject:
  m_ObjectHideFlags: 0
  m_CorrespondingSourceObject: {fileID: 0}
  m_PrefabInstance: {fileID: 0}
  m_PrefabAsset: {fileID: 0}
  serializedVersion: 6
  m_Component:
  - component: {fileID: 1867568537}
  - component: {fileID: 1867568538}
  m_Layer: 11
  m_Name: GameObject
  m_TagString: Untagged
  m_Icon: {fileID: 0}
  m_NavMeshLayer: 0
  m_StaticEditorFlags: 0
  m_IsActive: 1
--- !u!4 &1867568537
Transform:
  m_ObjectHideFlags: 0
  m_CorrespondingSourceObject: {fileID: 0}
  m_PrefabInstance: {fileID: 0}
  m_PrefabAsset: {fileID: 0}
  m_GameObject: {fileID: 1867568536}
  m_LocalRotation: {x: 0, y: 0, z: 0, w: 1}
  m_LocalPosition: {x: -2.03, y: -0.99, z: 4.95}
  m_LocalScale: {x: 1, y: 1, z: 1}
  m_Children: []
  m_Father: {fileID: 1260161142}
  m_RootOrder: 0
  m_LocalEulerAnglesHint: {x: 0, y: 0, z: 0}
--- !u!65 &1867568538
BoxCollider:
  m_ObjectHideFlags: 0
  m_CorrespondingSourceObject: {fileID: 0}
  m_PrefabInstance: {fileID: 0}
  m_PrefabAsset: {fileID: 0}
  m_GameObject: {fileID: 1867568536}
  m_Material: {fileID: 0}
  m_IsTrigger: 0
  m_Enabled: 1
  serializedVersion: 2
  m_Size: {x: 1.97, y: 4.88, z: 1}
  m_Center: {x: 0, y: 2.09, z: 0}
--- !u!1001 &1878455836
PrefabInstance:
  m_ObjectHideFlags: 0
  serializedVersion: 2
  m_Modification:
    m_TransformParent: {fileID: 698771713}
    m_Modifications:
    - target: {fileID: -8679921383154817045, guid: 59c5bab743e6cb749be3f8f74127d3d8, type: 3}
      propertyPath: m_RootOrder
      value: 1
      objectReference: {fileID: 0}
    - target: {fileID: -8679921383154817045, guid: 59c5bab743e6cb749be3f8f74127d3d8, type: 3}
      propertyPath: m_LocalPosition.x
      value: 1.8065246
      objectReference: {fileID: 0}
    - target: {fileID: -8679921383154817045, guid: 59c5bab743e6cb749be3f8f74127d3d8, type: 3}
      propertyPath: m_LocalPosition.y
      value: 7.304677
      objectReference: {fileID: 0}
    - target: {fileID: -8679921383154817045, guid: 59c5bab743e6cb749be3f8f74127d3d8, type: 3}
      propertyPath: m_LocalPosition.z
      value: -23.574226
      objectReference: {fileID: 0}
    - target: {fileID: -8679921383154817045, guid: 59c5bab743e6cb749be3f8f74127d3d8, type: 3}
      propertyPath: m_LocalRotation.w
      value: 0.17944354
      objectReference: {fileID: 0}
    - target: {fileID: -8679921383154817045, guid: 59c5bab743e6cb749be3f8f74127d3d8, type: 3}
      propertyPath: m_LocalRotation.x
      value: -0.70849943
      objectReference: {fileID: 0}
    - target: {fileID: -8679921383154817045, guid: 59c5bab743e6cb749be3f8f74127d3d8, type: 3}
      propertyPath: m_LocalRotation.y
      value: 0.019187432
      objectReference: {fileID: 0}
    - target: {fileID: -8679921383154817045, guid: 59c5bab743e6cb749be3f8f74127d3d8, type: 3}
      propertyPath: m_LocalRotation.z
      value: -0.6822466
      objectReference: {fileID: 0}
    - target: {fileID: -8679921383154817045, guid: 59c5bab743e6cb749be3f8f74127d3d8, type: 3}
      propertyPath: m_LocalEulerAnglesHint.x
      value: -13.185
      objectReference: {fileID: 0}
    - target: {fileID: -8679921383154817045, guid: 59c5bab743e6cb749be3f8f74127d3d8, type: 3}
      propertyPath: m_LocalEulerAnglesHint.y
      value: 90.275
      objectReference: {fileID: 0}
    - target: {fileID: -8679921383154817045, guid: 59c5bab743e6cb749be3f8f74127d3d8, type: 3}
      propertyPath: m_LocalEulerAnglesHint.z
      value: -163.775
      objectReference: {fileID: 0}
    - target: {fileID: -5660332146958323478, guid: 59c5bab743e6cb749be3f8f74127d3d8, type: 3}
      propertyPath: m_Materials.Array.data[0]
      value: 
      objectReference: {fileID: 2100000, guid: c84f6b79bcc2d834a8a72e3b3d6ce441, type: 2}
    - target: {fileID: 919132149155446097, guid: 59c5bab743e6cb749be3f8f74127d3d8, type: 3}
      propertyPath: m_Name
      value: sall_plank04
      objectReference: {fileID: 0}
    m_RemovedComponents: []
  m_SourcePrefab: {fileID: 100100000, guid: 59c5bab743e6cb749be3f8f74127d3d8, type: 3}
--- !u!4 &1878455837 stripped
Transform:
  m_CorrespondingSourceObject: {fileID: -8679921383154817045, guid: 59c5bab743e6cb749be3f8f74127d3d8, type: 3}
  m_PrefabInstance: {fileID: 1878455836}
  m_PrefabAsset: {fileID: 0}
--- !u!1 &2061424806
GameObject:
  m_ObjectHideFlags: 0
  m_CorrespondingSourceObject: {fileID: 0}
  m_PrefabInstance: {fileID: 0}
  m_PrefabAsset: {fileID: 0}
  serializedVersion: 6
  m_Component:
  - component: {fileID: 2061424807}
  m_Layer: 11
  m_Name: Geometry
  m_TagString: Untagged
  m_Icon: {fileID: 0}
  m_NavMeshLayer: 0
  m_StaticEditorFlags: 0
  m_IsActive: 1
--- !u!4 &2061424807
Transform:
  m_ObjectHideFlags: 0
  m_CorrespondingSourceObject: {fileID: 0}
  m_PrefabInstance: {fileID: 0}
  m_PrefabAsset: {fileID: 0}
  m_GameObject: {fileID: 2061424806}
  m_LocalRotation: {x: -0, y: -0, z: -0, w: 1}
  m_LocalPosition: {x: 0, y: 0, z: 0}
  m_LocalScale: {x: 1, y: 1, z: 1}
  m_Children:
  - {fileID: 648884773}
  m_Father: {fileID: 129027640}
  m_RootOrder: 0
  m_LocalEulerAnglesHint: {x: 0, y: 0, z: 0}
--- !u!1 &2064257643
GameObject:
  m_ObjectHideFlags: 0
  m_CorrespondingSourceObject: {fileID: 0}
  m_PrefabInstance: {fileID: 0}
  m_PrefabAsset: {fileID: 0}
  serializedVersion: 6
  m_Component:
  - component: {fileID: 2064257644}
  m_Layer: 11
  m_Name: Entrence
  m_TagString: Untagged
  m_Icon: {fileID: 0}
  m_NavMeshLayer: 0
  m_StaticEditorFlags: 0
  m_IsActive: 1
--- !u!4 &2064257644
Transform:
  m_ObjectHideFlags: 0
  m_CorrespondingSourceObject: {fileID: 0}
  m_PrefabInstance: {fileID: 0}
  m_PrefabAsset: {fileID: 0}
  m_GameObject: {fileID: 2064257643}
  m_LocalRotation: {x: -0, y: -0, z: -0, w: 1}
  m_LocalPosition: {x: 0, y: 0, z: 0}
  m_LocalScale: {x: 1, y: 1, z: 1}
  m_Children:
  - {fileID: 1262409032}
  m_Father: {fileID: 129027640}
  m_RootOrder: 3
  m_LocalEulerAnglesHint: {x: 0, y: 0, z: 0}
--- !u!1001 &1623715210403405451
PrefabInstance:
  m_ObjectHideFlags: 0
  serializedVersion: 2
  m_Modification:
    m_TransformParent: {fileID: 1053489881}
    m_Modifications:
    - target: {fileID: 3788701857000132660, guid: 68a075453941b9b4faeb4a8dfedc7cee, type: 3}
      propertyPath: m_RootOrder
      value: 11
      objectReference: {fileID: 0}
    - target: {fileID: 3788701857000132660, guid: 68a075453941b9b4faeb4a8dfedc7cee, type: 3}
      propertyPath: m_LocalScale.x
      value: 0.010000001
      objectReference: {fileID: 0}
    - target: {fileID: 3788701857000132660, guid: 68a075453941b9b4faeb4a8dfedc7cee, type: 3}
      propertyPath: m_LocalScale.z
      value: 0.010000001
      objectReference: {fileID: 0}
    - target: {fileID: 3788701857000132660, guid: 68a075453941b9b4faeb4a8dfedc7cee, type: 3}
      propertyPath: m_LocalPosition.x
      value: 4.86
      objectReference: {fileID: 0}
    - target: {fileID: 3788701857000132660, guid: 68a075453941b9b4faeb4a8dfedc7cee, type: 3}
      propertyPath: m_LocalPosition.y
      value: 0.5000019
      objectReference: {fileID: 0}
    - target: {fileID: 3788701857000132660, guid: 68a075453941b9b4faeb4a8dfedc7cee, type: 3}
      propertyPath: m_LocalPosition.z
      value: -1.4747467
      objectReference: {fileID: 0}
    - target: {fileID: 3788701857000132660, guid: 68a075453941b9b4faeb4a8dfedc7cee, type: 3}
      propertyPath: m_LocalRotation.w
      value: 0.70767385
      objectReference: {fileID: 0}
    - target: {fileID: 3788701857000132660, guid: 68a075453941b9b4faeb4a8dfedc7cee, type: 3}
      propertyPath: m_LocalRotation.x
      value: -0
      objectReference: {fileID: 0}
    - target: {fileID: 3788701857000132660, guid: 68a075453941b9b4faeb4a8dfedc7cee, type: 3}
      propertyPath: m_LocalRotation.y
      value: -0.7065393
      objectReference: {fileID: 0}
    - target: {fileID: 3788701857000132660, guid: 68a075453941b9b4faeb4a8dfedc7cee, type: 3}
      propertyPath: m_LocalRotation.z
      value: -0
      objectReference: {fileID: 0}
    - target: {fileID: 3788701857000132660, guid: 68a075453941b9b4faeb4a8dfedc7cee, type: 3}
      propertyPath: m_LocalEulerAnglesHint.x
      value: 0
      objectReference: {fileID: 0}
    - target: {fileID: 3788701857000132660, guid: 68a075453941b9b4faeb4a8dfedc7cee, type: 3}
      propertyPath: m_LocalEulerAnglesHint.y
      value: -89.908
      objectReference: {fileID: 0}
    - target: {fileID: 3788701857000132660, guid: 68a075453941b9b4faeb4a8dfedc7cee, type: 3}
      propertyPath: m_LocalEulerAnglesHint.z
      value: 0
      objectReference: {fileID: 0}
    - target: {fileID: 4602675449249352334, guid: 68a075453941b9b4faeb4a8dfedc7cee, type: 3}
      propertyPath: m_Name
      value: oaschlochKasten
      objectReference: {fileID: 0}
    m_RemovedComponents: []
  m_SourcePrefab: {fileID: 100100000, guid: 68a075453941b9b4faeb4a8dfedc7cee, type: 3}
--- !u!4 &1623715210403405452 stripped
Transform:
  m_CorrespondingSourceObject: {fileID: 3788701857000132660, guid: 68a075453941b9b4faeb4a8dfedc7cee, type: 3}
  m_PrefabInstance: {fileID: 1623715210403405451}
  m_PrefabAsset: {fileID: 0}
--- !u!1001 &3251808877396898671
PrefabInstance:
  m_ObjectHideFlags: 0
  serializedVersion: 2
  m_Modification:
    m_TransformParent: {fileID: 1053489881}
    m_Modifications:
    - target: {fileID: 15470037852847715, guid: d1205769154a7e449a9a205a80d8518c, type: 3}
      propertyPath: m_RootOrder
      value: 7
      objectReference: {fileID: 0}
    - target: {fileID: 15470037852847715, guid: d1205769154a7e449a9a205a80d8518c, type: 3}
      propertyPath: m_LocalPosition.x
      value: 3.4206996
      objectReference: {fileID: 0}
    - target: {fileID: 15470037852847715, guid: d1205769154a7e449a9a205a80d8518c, type: 3}
      propertyPath: m_LocalPosition.y
      value: 1.433516
      objectReference: {fileID: 0}
    - target: {fileID: 15470037852847715, guid: d1205769154a7e449a9a205a80d8518c, type: 3}
      propertyPath: m_LocalPosition.z
      value: 1.6208208
      objectReference: {fileID: 0}
    - target: {fileID: 15470037852847715, guid: d1205769154a7e449a9a205a80d8518c, type: 3}
      propertyPath: m_LocalRotation.w
      value: 1
      objectReference: {fileID: 0}
    - target: {fileID: 15470037852847715, guid: d1205769154a7e449a9a205a80d8518c, type: 3}
      propertyPath: m_LocalRotation.x
      value: -0
      objectReference: {fileID: 0}
    - target: {fileID: 15470037852847715, guid: d1205769154a7e449a9a205a80d8518c, type: 3}
      propertyPath: m_LocalRotation.y
      value: -0
      objectReference: {fileID: 0}
    - target: {fileID: 15470037852847715, guid: d1205769154a7e449a9a205a80d8518c, type: 3}
      propertyPath: m_LocalRotation.z
      value: -0
      objectReference: {fileID: 0}
    - target: {fileID: 15470037852847715, guid: d1205769154a7e449a9a205a80d8518c, type: 3}
      propertyPath: m_LocalEulerAnglesHint.x
      value: 0
      objectReference: {fileID: 0}
    - target: {fileID: 15470037852847715, guid: d1205769154a7e449a9a205a80d8518c, type: 3}
      propertyPath: m_LocalEulerAnglesHint.y
      value: 0
      objectReference: {fileID: 0}
    - target: {fileID: 15470037852847715, guid: d1205769154a7e449a9a205a80d8518c, type: 3}
      propertyPath: m_LocalEulerAnglesHint.z
      value: 0
      objectReference: {fileID: 0}
    - target: {fileID: 827858890230146265, guid: d1205769154a7e449a9a205a80d8518c, type: 3}
      propertyPath: m_Name
      value: teapot
      objectReference: {fileID: 0}
    m_RemovedComponents: []
  m_SourcePrefab: {fileID: 100100000, guid: d1205769154a7e449a9a205a80d8518c, type: 3}
--- !u!4 &3251808877396898672 stripped
Transform:
  m_CorrespondingSourceObject: {fileID: 15470037852847715, guid: d1205769154a7e449a9a205a80d8518c, type: 3}
  m_PrefabInstance: {fileID: 3251808877396898671}
  m_PrefabAsset: {fileID: 0}
--- !u!1001 &6490662643866706206
PrefabInstance:
  m_ObjectHideFlags: 0
  serializedVersion: 2
  m_Modification:
    m_TransformParent: {fileID: 1053489881}
    m_Modifications:
    - target: {fileID: 8193542708072328177, guid: df19af83f6023d94dab2e6395605873f, type: 3}
      propertyPath: m_Name
      value: cup
      objectReference: {fileID: 0}
    - target: {fileID: 8862695948121600331, guid: df19af83f6023d94dab2e6395605873f, type: 3}
      propertyPath: m_RootOrder
      value: 9
      objectReference: {fileID: 0}
    - target: {fileID: 8862695948121600331, guid: df19af83f6023d94dab2e6395605873f, type: 3}
      propertyPath: m_LocalPosition.x
      value: 3.2848263
      objectReference: {fileID: 0}
    - target: {fileID: 8862695948121600331, guid: df19af83f6023d94dab2e6395605873f, type: 3}
      propertyPath: m_LocalPosition.y
      value: 1.4481262
      objectReference: {fileID: 0}
    - target: {fileID: 8862695948121600331, guid: df19af83f6023d94dab2e6395605873f, type: 3}
      propertyPath: m_LocalPosition.z
      value: 1.0563396
      objectReference: {fileID: 0}
    - target: {fileID: 8862695948121600331, guid: df19af83f6023d94dab2e6395605873f, type: 3}
      propertyPath: m_LocalRotation.w
      value: 1
      objectReference: {fileID: 0}
    - target: {fileID: 8862695948121600331, guid: df19af83f6023d94dab2e6395605873f, type: 3}
      propertyPath: m_LocalRotation.x
      value: -0
      objectReference: {fileID: 0}
    - target: {fileID: 8862695948121600331, guid: df19af83f6023d94dab2e6395605873f, type: 3}
      propertyPath: m_LocalRotation.y
      value: -0
      objectReference: {fileID: 0}
    - target: {fileID: 8862695948121600331, guid: df19af83f6023d94dab2e6395605873f, type: 3}
      propertyPath: m_LocalRotation.z
      value: -0
      objectReference: {fileID: 0}
    - target: {fileID: 8862695948121600331, guid: df19af83f6023d94dab2e6395605873f, type: 3}
      propertyPath: m_LocalEulerAnglesHint.x
      value: 0
      objectReference: {fileID: 0}
    - target: {fileID: 8862695948121600331, guid: df19af83f6023d94dab2e6395605873f, type: 3}
      propertyPath: m_LocalEulerAnglesHint.y
      value: 0
      objectReference: {fileID: 0}
    - target: {fileID: 8862695948121600331, guid: df19af83f6023d94dab2e6395605873f, type: 3}
      propertyPath: m_LocalEulerAnglesHint.z
      value: 0
      objectReference: {fileID: 0}
    m_RemovedComponents: []
  m_SourcePrefab: {fileID: 100100000, guid: df19af83f6023d94dab2e6395605873f, type: 3}
--- !u!4 &6490662643866706207 stripped
Transform:
  m_CorrespondingSourceObject: {fileID: 8862695948121600331, guid: df19af83f6023d94dab2e6395605873f, type: 3}
  m_PrefabInstance: {fileID: 6490662643866706206}
  m_PrefabAsset: {fileID: 0}
--- !u!1001 &9070840187715748257
PrefabInstance:
  m_ObjectHideFlags: 0
  serializedVersion: 2
  m_Modification:
    m_TransformParent: {fileID: 1053489881}
    m_Modifications:
    - target: {fileID: 1502566448209031475, guid: eb4a2ce6b231c9d42a13f6a7054f3ba8, type: 3}
      propertyPath: m_RootOrder
      value: 8
      objectReference: {fileID: 0}
    - target: {fileID: 1502566448209031475, guid: eb4a2ce6b231c9d42a13f6a7054f3ba8, type: 3}
      propertyPath: m_LocalPosition.x
      value: 3.7541523
      objectReference: {fileID: 0}
    - target: {fileID: 1502566448209031475, guid: eb4a2ce6b231c9d42a13f6a7054f3ba8, type: 3}
      propertyPath: m_LocalPosition.y
      value: 1.4481262
      objectReference: {fileID: 0}
    - target: {fileID: 1502566448209031475, guid: eb4a2ce6b231c9d42a13f6a7054f3ba8, type: 3}
      propertyPath: m_LocalPosition.z
      value: 1.0563396
      objectReference: {fileID: 0}
    - target: {fileID: 1502566448209031475, guid: eb4a2ce6b231c9d42a13f6a7054f3ba8, type: 3}
      propertyPath: m_LocalRotation.w
      value: 1
      objectReference: {fileID: 0}
    - target: {fileID: 1502566448209031475, guid: eb4a2ce6b231c9d42a13f6a7054f3ba8, type: 3}
      propertyPath: m_LocalRotation.x
      value: -0
      objectReference: {fileID: 0}
    - target: {fileID: 1502566448209031475, guid: eb4a2ce6b231c9d42a13f6a7054f3ba8, type: 3}
      propertyPath: m_LocalRotation.y
      value: -0
      objectReference: {fileID: 0}
    - target: {fileID: 1502566448209031475, guid: eb4a2ce6b231c9d42a13f6a7054f3ba8, type: 3}
      propertyPath: m_LocalRotation.z
      value: -0
      objectReference: {fileID: 0}
    - target: {fileID: 1502566448209031475, guid: eb4a2ce6b231c9d42a13f6a7054f3ba8, type: 3}
      propertyPath: m_LocalEulerAnglesHint.x
      value: 0
      objectReference: {fileID: 0}
    - target: {fileID: 1502566448209031475, guid: eb4a2ce6b231c9d42a13f6a7054f3ba8, type: 3}
      propertyPath: m_LocalEulerAnglesHint.y
      value: 0
      objectReference: {fileID: 0}
    - target: {fileID: 1502566448209031475, guid: eb4a2ce6b231c9d42a13f6a7054f3ba8, type: 3}
      propertyPath: m_LocalEulerAnglesHint.z
      value: 0
      objectReference: {fileID: 0}
    - target: {fileID: 2274846221084076937, guid: eb4a2ce6b231c9d42a13f6a7054f3ba8, type: 3}
      propertyPath: m_Name
      value: cup (1)
      objectReference: {fileID: 0}
    m_RemovedComponents: []
  m_SourcePrefab: {fileID: 100100000, guid: eb4a2ce6b231c9d42a13f6a7054f3ba8, type: 3}
--- !u!4 &9070840187715748258 stripped
Transform:
  m_CorrespondingSourceObject: {fileID: 1502566448209031475, guid: eb4a2ce6b231c9d42a13f6a7054f3ba8, type: 3}
  m_PrefabInstance: {fileID: 9070840187715748257}
  m_PrefabAsset: {fileID: 0}
